2369 4017
12 151 102 247 “3²1
308 166 311 167 ’
444 166 603 230 ΒΟΜ

1450 169 1610 218 BOM
2009 197 2076 247 322

87 250 166 292 supra
172 253 340 286 monuimus,
348 250 455 285 referat,
466 259 496 278 ut
503 247 614 276 Vossius
622 245 712 275 censet
719 243 768 273 lib.
776 253 805 280 4.
821 240 907 272 Instir.
916 245 1028 272 Orator.
1050 250 1086 289 V
1128 241 1245 278 eodem,
1261 248 1343 280 quern
1351 238 1428 279 supra
1444 246 1601 273 notavimus
1613 267 1620 280 ‚
1640 246 1705 275 loco
1715 256 1748 276 ex
1756 250 1899 279 annalibus
1908 252 1989 282 refert
1999 276 2006 290 ,
2015 266 2073 285 tor-

88 306 189 334 cap.13.
204 296 272 324 seer.
281 304 306 330 7.
333 292 390 325 Εἵιη
398 290 550 330 ξξωεϊτοὺῑ·
560 293 622 319 obet
631 286 749 327 QJslcbse.
790 286 906 314 Lascaris
921 285 1030 318 πλεξά-

88 347 135 369 an
149 337 282 373 vocat,id
290 335 326 364 est
334 355 342 369 ‚
351 333 447 372 procul
462 332 627 368 jaculantem
635 350 644 365 ‚
659 329 704 358 alii
718 328 905 368 ecpmfflsso'mv.
946 329 1031 355 Non...

88 378 191 417 Lipsius
202 387 307 407 tantum
315 375 521 415 Poliorceticmn
537 372 697 410 praefatione
706 382 713 405 5
728 370 771 399 sed
786 371 912 398 Mariana
927 370 1031 397 etiam.»

88 421 139 450 lib.
148 431 184 457 19.
198 419 322 449 Historiae
330 417 480 455 Hispanicae
488 425 547 452 cap.
557 424 596 449 14.
612 412 735 441 observat
743 412 797 440 hoc
806 421 890 450 genus
898 411 1031 439 tormenti

89 464 120 491 in
127 460 279 491 Annalibus
286 458 446 488 Lombardas
454 457 546 485 vocari
555 476 562 491 ,
573 465 629 483 non
638 453 802 482 bombardas.
843 451 956 490 Fortaffis
966 472 976 486 ‚
988 454 1032 481 in-

88 506 148 543 quit
155 504 280 532 Mariana
289 523 298 536 ,
314 501 385 541 quod
397 503 425 528 in
433 497 615 537 Langobardia
623 497 653 524 id
661 507 741 535 genus
754 495 880 522 machinae
895 497 1030 522 infinitum

82 543 248 586 primdefflt.
288 546 360 572 Bene
373 537 666 575 autemdicitFortaffis.
705 540 801 576 Neque
816 538 890 565 enim
898 537 1032 564 Italorum

88 587 134 617 sed
141 587 236 615 nostrat
251 587 340 624 gentis
349 587 492 612 inventum
505 580 655 610 Bombarda
670 579 722 614 est3
739 580 817 607 cui&
831 579 936 607 Platina
946 579 1031 606 Italus

87 628 186 658 tribuit
194 630 222 656 in
230 630 286 656 vit-3
297 627 400 655 Urbani
409 632 454 654 VI.
474 626 594 657 Infima,
603 623 694 661 inquit
701 642 708 656 ,
718 630 774 649 tum
783 621 833 658 [id
840 620 878 648 est
886 621 986 658 proelio
997 620 1030 648 ad

49 680 51 682 “
86 671 241 709 clugiam·a
249 667 435 698 Genuensibus
445 667 613 704 Venerisque
621 666 655 693 A.
667 666 742 692 C-M.
752 664 890 691 CCCXXC.
899 663 1032 690 commis-

85 712 116 742 so
123 713 136 749 ]
141 715 260 751 primum
267 723 285 739 a
293 711 407 751 quodam
415 711 553 737 ‘Teutonico
561 705 713 736 bombarda
721 704 782 744 fuit
789 725 798 739 ,
806 704 824 732 ἁ
830 704 896 743 sbno
904 703 936 734 ὅ
942 707 1030 731 tonitu

83 754 120 794 fic
131 755 278 790 dina,&c.
299 755 357 782 Nec
364 753 443 780 aliter
451 751 537 780 caereri
546 749 617 781 Itali,
627 749 674 786 qui
683 747 886 775 bombardarum
894 747 1029 774 memine-
1067 745 1071 748 ’

85 806 165 826 runt:
179 797 244 834 quin
252 795 327 824 Galli
335 795 418 823 etiam
426 802 506 832 atque
514 791 627 829 Anglici
635 790 787 826 scriptores,
798 789 845 827 qui
855 798 950 816 omnes
960 790 1029 815 Ger-

84 839 175 869 manis
185 837 342 866 concedunt
351 836 421 865 hanc
435 835 555 864 laudem.
597 834 694 870 Neque
708 832 842 859 Laonicus
851 831 1028 858 Chalcocon-

85 880 163 918 dylas
171 882 280 912 Graccus
294 878 486 911 diffimulavit3
501 873 620 904 cumlib.
629 883 650 909 ς.
666 873 699 900 de
707 872 786 901 rebus
794 873 918 901 Turcicis
935 882 1028 899 earum

85 923 258 952 mentionem
267 921 376 949 faceret.
418 919 528 948 Gai-cias
536 915 571 946 de
579 916 651 944 Silva
658 914 924 943 BreviarioHistoria:
937 913 1034 951 Hispa-

85 965 154 994 nicae
169 974 229 1002 cap.
239 973 278 999 59.
292 963 483 991 inventionem
497 959 575 995 hujus
584 957 717 986 machina:
731 954 955 994 Hispaniensibus
962 957 1033 983 Ara-

85 1006 168 1036 bibus
177 1005 273 1035 tribuit
281 1026 289 1040 ‚
298 1014 400 1042 eosque
406 1023 416 1037 ,
425 1003 472 1041 qui
482 1002 524 1030 vel
531 1000 674 1029 Germanis
684 999 725 1026 vel
735 999 781 1027 alii
790 998 866 1036 genti
879 999 948 1025 irent
956 997 1034 1025 affer-

86 1057 147 1078 tum
155 1067 165 1085 ,
175 1057 209 1076 ex
217 1057 250 1076 eo
259 1047 364 1085 arguit,
375 1045 521 1084 quodcum
528 1041 686 1080 Alphonsus
701 1043 749 1069 XI.
768 1039 889 1068 Castellae
898 1042 957 1068 Rex
971 1037 1032 1076 post

72 1092 159 1126 iA.C.
167 1092 211 1119 cIo
221 1094 333 1118 CCCXL.
349 1088 490 1126 Algaziras
499 1084 622 1114 obsidere
631 1082 761 1120 coepiffet‚
770 1084 824 1118 jam
834 1089 894 1110 tum
901 1080 1034 1109 bombar-

87 1133 131 1162 dis
137 1131 258 1171 Agareni
266 1152 274 1166 ,
283 1131 330 1170 qui
337 1129 434 1158 urbem
443 1126 573 1157 tenebant
582 1146 590 1160 ,
601 1135 714 1162 magnas
723 1123 849 1161 Hispanis
865 1124 1031 1152 Intulerino

87 1174 187 1204 clades.
228 1175 412 1210 Hieronymus
419 1164 529 1208 Magius
539 1167 588 1196 lib.
598 1178 616 1195 1.
633 1166 874 1194 Miscellaneorum
882 1175 939 1202 cap.
950 1175 969 1193 ι.
978 1164 1015 1192 ob
1022 1179 1031 1186 -

87 1216 174 1246 servat
180 1215 214 1244 ab
223 1216 255 1243 iis
265 1235 273 1249 ,
283 1213 378 1253 quires
386 1212 420 1241 ab
429 1210 575 1250 Alphonso
592 1211 640 1238 XI.
652 1208 737 1246 gestas
746 1207 927 1245 prodiderunt
935 1207 1033 1241 literis,

88 1256 302 1296 [proculdubio
311 1259 420 1284 Petrum
428 1252 617 1283 Sublacensem
624 1271 634 1285 ,
643 1259 725 1289 quem
733 1250 827 1287 paullo
836 1249 896 1287 post
905 1251 931 1277 δ(
939 1259 979 1295 riq
1008 1249 1031 1276 i-

87 1309 152 1335 nat,
167 1298 307 1337 designat]
321 1299 452 1336 igm'Goma
462 1295 533 1324 dolia
543 1315 552 1328 ‚
569 1304 628 1322 non
642 1291 797 1320 bombardm
804 1292 914 1325 vocari,
932 1259 1031 1329 quibbs

84 1349 148 1371 ‘tum
155 1341 276 1379 Agareni
283 1339 322 1368 usi
335 1339 397 1368 fint.
437 1341 500 1377 Jam
507 1337 658 1366 Rodericus
665 1334 786 1362 SanCtius
795 1343 916 1371 quoque,
923 1333 971 1371 qui
980 1333 1033 1360 cir-

87 1394 121 1412 ca
136 1385 170 1412 A.
179 1385 212 1411 C.
229 1385 273 1412 cio
290 1386 464 1410 cccctxnx
484 1379 578 1407 floruit
585 1398 593 1413 ,
615 1379 692 1406 Parte
707 1386 736 1411 4·
753 1375 856 1404 Hister.
877 1374 1031 1411 Hispanicae

86 1435 147 1464 cap.
157 1436 189 1453 iz.
205 1425 238 1453 de
247 1425 411 1463 Algerizana
420 1421 564 1450 obsidione
581 1426 722 1457 exponens
730 1417 784 1446 hoc
795 1419 902 1445 tantum
910 1416 1013 1445 referta
1022 1435 1030 1451 ‚

86 1468 152 1506 igne
161 1467 310 1498 calliditate
317 1468 480 1494 Maurorum
489 1462 617 1499 conje<st0
627 1459 735 1492 incensa
742 1459 927 1497 Hispanorum
935 1461 1028 1486 castra.

85 1511 150 1539 Haec
160 1510 224 1538 licet
231 1518 344 1546 arguant
352 1507 532 1545 Algerizanos
546 1501 705 1543 nvffssa'a'oiq
720 1501 885 1539 quibusdam
901 1500 977 1528 fuiffe
999 1511 1031 1528 u-

85 1552 130 1584 sos
138 1571 148 1586 ,
157 1553 272 1581 minime
281 1551 408 1578 omnium
416 1549 546 1576 evincunt
560 1555 650 1581 tamen
659 1543 798 1583 z-vgsso'aa
806 1543 868 1578 ista,
877 1542 1032 1570 bombardae

86 1592 174 1622 fuisse.
216 1595 312 1631 Neque
321 1593 396 1620 enirn
403 1593 467 1618 c‘um
475 1588 622 1617 bombardis
636 1587 746 1614 demum
755 1583 903 1624 πυρρξολίει
911 1585 1032 1622 primum

88 1637 174 1672 coepit
181 1655 190 1668 ‚
207 1635 250 1663 sed
259 1636 344 1671 longe
352 1642 412 1661 ante
422 1632 522 1660 Gra-cis
537 1629 724 1666 Romanisque
739 1628 856 1664 ingeniis
871 1625 1032 1654 celebrata...

86 1676 156 1712 fui13
166 1686 331 1714 quamquam
346 1675 362 1703 ὲ
376 1673 571 1703 bombardaria
587 1671 634 1699 ista
647 1669 738 1698 nostra
755 1671 805 1706 [ut
814 1670 851 1696 ita
860 1668 969 1704 dicam]
979 1669 1032 1696 alia

79 1723 168 1757 'atque
178 1718 278 1747 diversa
287 1718 358 1746 esset.
398 1717 465 1744 Satis
475 1715 504 1742 id
538 1714 626 1742 ossunt
635 1712 722 1740 testari
729 1731 739 1745 ‚
748 1721 805 1749 quae
814 1711 847 1738 de
856 1711 1032 1738 incendiariis

87 1762 151 1797 telis
166 1771 245 1799 atque
255 1759 399 1788 tui-mentis
408 1756 515 1793 ,malleo
525 1759 548 1796 ’is
558 1765 621 1793 puta
630 1752 773 1794 falaricis,
789 1755 816 1780 ὃ(
824 1752 884 1780 aliis
898 1753 976 1792 hujus
986 1762 1034 1790 ge-

87 1804 162 1832 neris
171 1831 175 1836 ,
183 1802 255 1839 apud
263 1802 370 1830 Livium
378 1821 386 1835 ,
394 1800 583 1835 Ammianum,
593 1796 751 1834 Vegetium,
759 1797 900 1824 Heronem
909 1815 916 1829 ‚
926 1804 955 1822 ut
963 1795 1034 1822 alios

89 1853 196 1873 taceam
205 1864 212 1873 .
223 1846 313 1881 legere
322 1843 397 1870 licet.
438 1843 536 1869 Manet
544 1839 627 1876 igitur
635 1839 711 1876 genti
725 1836 820 1866 nostrae
829 1836 886 1865 hacc
902 1837 1033 1874 gloria-2:

90 1895 174 1924 quam
189 1895 277 1923 neque
304 1885 346 1912 illi
361 1891 542 1919 corrumpunt
549 1889 595 1908 aut
609 1880 734 1908 adimunt
743 1899 750 1913 ,
760 1879 808 1917 qui
822 1879 851 1905 in
860 1877 1034 1906 vetustissimo

88 1927 137 1955 usu
147 1925 299 1964 Sinensibus
307 1925 383 1954 Indis
391 1924 444 1952 hoc
451 1933 536 1962 genus
544 1921 677 1954 tormenti
685 1919 759 1948 fuisse
774 1931 806 1948 ex
813 1919 920 1948 Maffeii
929 1919 1033 1948 Hister.

92 1969 154 1998 Ind.
168 1969 351 2006 ogganniunt.
391 1967 465 1994 Nam
477 1974 564 2002 neque
573 1962 731 2001 Trigantius
741 1962 888 2000 quicquam
902 1961 981 1998 hujus
997 1972 1031 1989 ex

90 2012 180 2040 Riccii
194 2012 383 2038 Commentar.
399 2008 431 2036 de
439 2003 621 2043 Expeditione
631 2002 733 2033 Sinenfi
741 2005 756 2031 a
764 2006 822 2031 See.
832 2003 881 2041 Jes.
891 2003 1034 2041 suscepta-2

89 2053 238 2086 meminit5
255 2053 281 2080 &
297 2049 455 2079 Alexander
469 2040 650 2085 Valignandis
659 2047 687 2073 in
703 2045 869 2075 admirandis
878 2045 1033 2083 rcgniChi-
1053 2060 1086 2097 C

88 2092 179 2123 neniis
187 2113 196 2128 ,
204 2102 234 2121 ut
242 2091 350 2120 Lansius
358 2090 482 2120 observat
489 2110 498 2124 ‚
507 2089 603 2117 diserte
611 2087 705 2122 scribit
713 2087 897 2124 sclopetorum
907 2087 981 2115 usum
989 2090 1037 2115 In-

89 2136 141 2164 dos
150 2136 164 2163 a
172 2129 302 2163 Lusitanis
313 2132 450 2171 accepisse.
491 2132 626 2160 Caeteriim
633 2129 667 2158 ad
674 2131 825 2157 Germanos
833 2129 904 2166 ipsos
913 2127 987 2166 quod
996 2138 1037 2156 at-

85 2178 172 2210 tinet,
182 2177 279 2204 incidit
285 2176 331 2208 hic
339 2169 524 2203 controversia
532 2181 593 2209 non
600 2181 662 2200 una.
702 2172 798 2208 Neque
807 2171 881 2198 enim
890 2170 962 2208 apud
972 2170 1034 2198 scri-

87 2224 183 2258 ptores
190 2229 253 2246 cum
267 2218 301 2255 de
315 2217 425 2246 auctore
439 2216 555 2243 inventa:
568 2214 623 2247 rei,
632 2222 690 2241 tum
700 2213 840 2241 &deloco
855 2214 882 2240 δε
891 2221 1035 2250 πωροι-ς,

25 2287 31 2293 ,
88 2261 221 2296 convenit
229 2260 299 2299 satis.
340 2257 510 2297 Chymistam
518 2255 665 2294 quidem&
679 2253 850 2286 monachum
865 2253 940 2283 fuisse
949 2255 1032 2292 pleri-

24 2321 49 2335 .·
87 2312 142 2341 que
157 2312 253 2331 omnes
270 2300 460 2330 consentiunt:
475 2298 519 2328 sed
535 2300 563 2326 in
572 2297 844 2336 persona&nomine
858 2295 980 2324 dissensio
990 2296 1036 2325 est.

88 2343 290 2374 Eruditillimus
297 2341 406 2371 Vossius
415 2340 463 2369 lib.
471 2351 501 2376 4.
518 2339 604 2368 Instit.
622 2337 813 2368 Orato‘riarum
828 2347 888 2376 cap.
899 2348 928 2374 ¹3·
938 2339 1034 2373 Se&.7.

45 2412 59 2420 ,.
88 2386 301 2415 Constantinum
307 2385 442 2413 Anclizen
450 2381 667 2420 Friburgmsem,
675 2382 701 2410 &
708 2380 888 2408 Bettholdum
896 2381 1035 2408 Svarziiim

87 2429 232 2463 nominat,
247 2437 366 2465 quorum
374 2426 496 2453 alterutri
504 2432 694 2452 commentum
708 2422 842 2451 machinae
857 2421 1034 2450 tribuendum

39 2488 43 2492 -
87 2469 131 2500 fit.
167 2469 220 2498 Sed
235 2469 268 2497 de
281 2469 373 2507 priore
388 2468 459 2496 nihil
470 2466 563 2494 inveni
577 2465 723 2497 hastenus:
739 2465 768 2492 in
783 2463 934 2492 Bertholdo
942 2467 1034 2492 Aven-

87 2512 161 2541 tinus
170 2510 218 2540 lib.
227 2520 251 2547 7.
259 2510 359 2539 Annal.
370 2510 490 2547 itemque
500 2506 654 2536 Miinsterus
663 2505 887 2544 Cosmographiae
897 2505 945 2534 lib.
954 2516 975 2542 5.
985 2508 1034 2534 Fa-

89 2552 243 2591 briciusque
252 2554 336 2590 Orig.
346 2555 445 2580 Saxon.
460 2549 508 2579 lib.
519 2553 543 2578 6.
552 2559 579 2587 p.
588 2552 645 2585 677.
663 2548 849 2589 consentiunt:
859 2547 928 2575 ‘cuni
935 2547 1033 2586 quibus

91 2595 283 2631 Speelmannus
292 2596 374 2623 etiam
383 2595 411 2621 in
420 2591 607 2630 Archaeologo
616 2590 691 2619 facit.
712 2592 784 2619 Caete
790 2591 854 2618 rum
869 2590 1035 2618 Huldaricus

90 2637 196 2664 Mutius
209 2637 330 2667 inventas
339 2635 520 2672 Norinberga:
530 2632 685 2661 bombardas
693 2631 742 2660 lib.
753 2642 788 2667 19.
811 2631 1034 2660 Germ.Chroni-

91 2687 149 2706 cor.
159 2678 242 2705 literis
256 2678 386 2715 prodidit.
428 2677 474 2705 Ad
482 2685 589 2713 tempus
605 2674 680 2713 quod
689 2674 725 2702 est
735 2694 742 2707 ,
760 2674 788 2701 id
799 2673 949 2711 Polydorus
964 2675 1030 2701 Vir-

90 2718 176 2757 gilius
184 2717 232 2748 lib.
241 2729 263 2747 z.
271 2719 304 2747 de
310 2730 400 2757 rerum
409 2716 598 2747 inventoribus
607 2716 636 2745 in
644 2726 716 2745 anno
725 2715 828 2744 Christi
838 2718 883 2743 cla
892 2721 1030 2744 CCCXXC.

91 2761 173 2799 ponit
182 2781 189 2794 ‚
199 2770 261 2788 cum
269 2760 302 2788 ad
309 2759 439 2789 'Clodiam
447 2760 543 2789 fossam
550 2759 565 2787 a
574 2760 687 2788 Venetis
696 2759 723 2786 &
731 2756 917 2785 Genuensibus
926 2767 1030 2795 pugna-

91 2810 152 2831 turn
162 2802 222 2830 fuit.
250 2803 346 2830 Procul
353 2804 431 2831 omni
439 2801 525 2831 dubio
534 2801 637 2830 secutus
645 2801 777 2829 Plarinam
785 2820 793 2835 ‚
803 2801 878 2836 cujus
888 2800 981 2828 locuni
990 2800 1032 2827 su-

90 2846 140 2883 pra
151 2844 338 2881 produximus.
386 2845 436 2873 Sed
444 2845 543 2873 erravit
550 2843 653 2873 Platina
662 2862 670 2877 ‚
682 2841 700 2869 si
709 2850 768 2869 tum
776 2842 915 2869 inventam
923 2842 1030 2878 putavit

89 2886 249 2916 machinam
265 2885 393 2919 demum,
401 2896 462 2914 cum
469 2885 569 2914 Veneti
583 2887 610 2914 ὅ(
618 2883 771 2912 Genuenses
781 2883 851 2911 inter
859 2882 883 2910 se
893 2884 974 2911 armis
989 2884 1031 2911 di-

90 2928 250 2966 sceptarent.
289 2929 362 2955 Nam
370 2936 430 2955 ante
439 2937 515 2956 notas
522 2927 597 2956 fuisse
606 2948 614 2961 ‚
623 2925 768 2955 Petrarcha:
778 2925 939 2953 austeritate
947 2926 1033 2953 vincit

90 2971 212 3008 Magius.
254 2971 280 2997 Is
294 2969 369 2996 enim
382 2969 523 2998 meminit:
539 2979 622 3007 quem
630 2977 722 2997 tamen
737 2967 780 2995 sex
796 2976 857 2995 ante
867 2967 1031 3004 pugnamil-

90 3012 148 3040 lam
156 3011 322 3039 Clodianam
331 3011 408 3038 annis
418 3010 490 3038 diem
499 3009 592 3038 obiisse
601 3010 713 3039 constat.
733 3009 859 3043 Accedit,
869 3009 943 3046 quod
953 3009 1030 3036 Paul-

42 3064 46 3076 ἰ
92 3054 135 3083 lus
143 3054 260 3092 Langius
269 3063 301 3081 ex
311 3052 449 3080 Chronica
459 3052 516 3088 [ita
528 3061 586 3080 tum
595 3051 796 3090 loquebantur]
806 3050 965 3079 Rudimenti
982 3051 1030 3078 ili-2
1049 3046 1084 3080 D

92 3095 233 3128 Chronico
243 3093 368 3123 Citizensi
376 3102 455 3122 notat
462 3095 545 3121 Anno
559 3089 677 3121 Domini
693 3095 736 3121 cla
753 3097 866 3119 CCCLX.
891 3090 1031 3120 Consisto-

92 3138 165 3174 rium
180 3137 254 3166 urbis
267 3135 424 3164 Liibicensis
439 3145 487 3172 per
494 3135 691 3173 negligentiam
705 3134 835 3168 illorum,
852 3134 898 3171 qui
908 3134 1031 3170 pulveres

93 3176 144 3217 p‘to
152 3179 313 3208 bombardis
323 3176 506 3206 conficiebant
516 3197 523 3211 ,
534 3175 706 3204 combustum
716 3175 800 3203 fuiffe.
815 3174 953 3203 fabricius
961 3185 1031 3214 quo-

93 3230 146 3260 que
155 3220 348 3258 supralaudato
358 3220 422 3248 loco
431 3219 526 3246 auctor
540 3217 592 3252 est,
602 3217 656 3245 hoc
672 3227 756 3255 genus
764 3217 970 3252 tormenti„non
980 3216 1030 3246 uisi

94 3272 156 3291 ante
163 3263 204 3291 his
212 3261 371 3300 regionibus
380 3282 388 3296 ‚
405 3260 523 3289 habuisse
533 3259 659 3287 Salzanos
669 3269 730 3286 cuin
739 3259 754 3286 a
769 3258 906 3287 Friderico
917 3261 1033 3287 Strenuo

92 3303 428 3342 ThuringiaeLandgravio
444 3301 630 3331 obsiderentur
639 3322 647 3335 ,
657 3300 732 3338 quod
745 3302 829 3328 Anno
844 3303 888 3328 clo
897 3305 1032 3330 CCCLXV.

93 3347 202 3374 accidit.
241 3347 325 3375 Recte
334 3347 424 3384 itaque
432 3344 628 3373 Machiavellus
636 3352 699 3370 curn
707 3342 739 3370 de
748 3341 823 3370 bello
832 3341 888 3370 isto'
897 3344 968 3371 inter
976 3346 1032 3371 Ve-

91 3397 170 3416 netos
179 3390 206 3417 δε
214 3387 366 3416 Genuenses
376 3396 518 3415 commoto
535 3383 572 3413 ob
580 3384 715 3413 Tenedon
723 3383 837 3412 insulam
847 3383 895 3412 lib.
905 3394 923 3412 1.
930 3385 1030 3413 Histor.

33 3444 51 3467 ,ς
91 3429 253 3458 Florentius
268 3439 433 3466 exponeret,
449 3438 508 3457 non
525 3436 584 3455 tum
599 3421 720 3454 inventas
737 3425 908 3459 bombasii-u,-
923 3425 967 3454 sed
975 3428 1029 3463 pri-

91 3471 168 3500 mum
177 3472 302 3499 omnium
311 3470 468 3507 conspersias
475 3471 504 3498 in
512 3470 590 3498 Italia
598 3468 695 3496 refert:
712 3469 738 3496 &
746 3477 831 3495 rerem
839 3470 1030 3496 Germanorum

91 3513 226 3540 infinitum
236 3522 334 3546 vocat;
349 3513 424 3550 quod
441 3510 624 3549 superioribus
640 3509 733 3538 seculis
748 3519 789 3537 res
802 3509 896 3547 ignota
908 3509 1027 3539 fuissem.

47 3559 52 3576 ἲ
92 3553 177 3581 Dono
187 3554 280 3582 datum
288 3554 341 3582 hoc
350 3555 365 3582 ἐι
374 3554 516 3582 Germanis
531 3552 664 3581 machina:
673 3561 757 3589 genus
773 3551 900 3588 accepisse
909 3554 1030 3580 Venetos

35 3617 38 3619 i
94 3594 288 3624 Volaterranus
305 3595 352 3624 lib.
363 3606 402 3632 30.
418 3598 575 3624 Comment-
592 3592 766 3622 Urbanorum
783 3602 840 3630 cap.
857 3593 1031 3621 demachinis

46 3642 48 3645 ·
95 3632 202 3664 bellicis
211 3656 219 3671 ,
236 3646 357 3666 annotat.
398 3639 438 3665 Ex
452 3636 571 3665 Achillis
588 3635 692 3664 Gastari
707 3634 812 3663 Medici
833 3635 868 3662 ad
884 3630 1030 3663 Sebastian.

95 3676 264 3706 Munsterum
280 3679 400 3716 Epistola
409 3677 531 3707 observat
541 3678 735 3716 Speelmannus
745 3696 753 3710 ,
762 3678 880 3714 primum
891 3680 945 3713 ejus
954 3676 1030 3705 usum

95 3715 172 3751 fuisse
181 3719 230 3751 ‚ad
237 3728 309 3748 mare
323 3721 461 3748 Danicum
469 3723 502 3748 A.
513 3721 545 3748 C.
563 3722 606 3748 cI:
622 3724 714 3746 CCCL.
732 3718 824 3756 [apud
837 3717 1031 3746 Mur'isterum„

94 3758 140 3785 cb
155 3763 279 3793 CCCLIV.
301 3761 418 3799 legitur]
434 3773 491 3789 non
508 3760 611 3789 evasisse
629 3759 721 3789 tamen
730 3759 865 3788 celebrem
876 3780 883 3795 ,
895 3761 981 3788 donec
997 3761 1032 3788 ad

94 3799 224 3838 Clugiam
239 3803 373 3832 aVenetis
381 3805 408 3833 ὃ(
418 3802 604 3832 Genuensibus
611 3812 766 3841 pugnatum
780 3801 851 3831 esset.
893 3801 1032 3832 Fabricius

1120 1246 1198 1285 [yria
1206 1254 1291 1274 tamen
1300 1246 1417 1284 bombyce
1427 1247 1511 1275 adhuc
1519 1248 1639 1287 foeminis
1647 1252 1767 1279 cedimus.

1059 1294 1085 1330 B
1129 1288 1178 1316 lib.
1188 1299 1209 1317 z.
1226 1288 1346 1326 Elegia3.
1362 1289 1431 1316 illud
1439 1291 1574 1327 migravit.
1616 1294 1666 1321 Ait
1675 1295 1764 1322 enini:

1127 292 1252 313 meritum
1260 284 1330 311 illud
1341 305 1346 316 ,
1362 293 1417 321 qno
1427 284 1463 312 ufi
1474 285 1584 315 fuerunt
1593 288 1697 316 Salzani
1706 310 1714 323 ,
1723 302 1736 317 e
1746 291 1862 327 plumbo
1879 293 1954 322 fuiss'e
1971 300 2075 327 confla-

1128 335 1202 374 tuni:
1218 325 1278 363 post
1286 335 1318 352 ex
1328 327 1478 371 compatffis
1487 328 1571 365 lignis
1579 349 1586 363 ‚
1604 330 1700 367 quibus
1711 332 1806 360 circuli
1816 333 1894 362 ferrei
1903 335 1950 364 lari
1959 338 2076 367 circuni-

1127 368 1189 414 ,etih
1200 375 1276 395 erant
1283 366 1361 413 ,sieri
1370 374 1472 403 coepta,
1481 379 1561 406 quain
1571 366 1772 408 simplicitatem
1782 375 1825 403 sui
1833 376 1944 404 demum
1953 363 2077 409 mutave..

1129 419 1165 437 rit
1173 417 1244 456 ¹aetas,
1254 410 1400 454 artificiose
1410 418 1443 435 ex
1452 419 1502 437 asre
1512 412 1651 440 instituens
1661 414 1785 443 fundere.
1829 419 1965 447 Caeterum
1975 420 2008 449 de
2017 423 2072 460 ipsa

1129 461 1158 479 re
1172 459 1208 478 ita
1218 460 1275 478 non
1286 459 1363 487 paun
1372 449 1505 485 sentiunt,
1515 453 1583 480 nihil
1593 463 1648 482 tam
1659 458 1810 486 execrabile
1819 461 1845 488 <St
1853 462 2036 497 perniciosum
2045 466 2073 493 in

1129 503 1214 531 genus
1222 493 1373 520 humanum
1384 493 1536 530 excogitari
1546 505 1574 522 ac
1583 498 1694 532 reperiri
1704 501 1836 535 potuisse5
1851 502 2020 542 dignumque
2029 507 2073 534 fu-

1129 535 1174 562 isse
1184 535 1322 562 audior-em
1333 554 1340 567 ‚
1351 534 1397 571 qui
1406 534 1451 576 suo
1462 533 1541 571 ipsius
1551 537 1667 564 artificio
1677 541 1775 575 petii-et
1784 562 1791 575 ,
1801 545 1877 580 qnod
1885 554 1927 572 tot
1935 548 2073 577 malornm

1129 577 1259 604 exstiterit
1267 575 1361 603 caussa.
1404 578 1510 604 Contra
1526 588 1555 605 ea
1569 579 1732 608 Huldaricus
1747 584 1851 612 Mutius
1869 585 1917 613 lib.
1929 593 1964 621 28.
1979 591 2063 618 Germ

1128 618 1295 646 Chron.non
1302 615 1538 646 contemnendum
1547 619 1636 647 censet
1645 620 1698 648 hoc
1709 624 1761 650 Dei
1771 625 1876 655 donum
1885 637 1891 653 :
1900 628 1950 656 nisi
1958 632 2017 668 quis
2027 611 2075 660 di·-

1128 661 1240 688 duetiim
1254 662 1328 687 canis
1345 670 1376 687 os
1386 680 1394 694 ‚
1405 657 1535 688 &dentes
1550 662 1584 689 ad
1595 663 1780 693 mordendum
1797 666 1885 696 facstos
1902 670 2072 702 damnandos

1128 712 1223 740 putea
1239 700 1342 739 nisique
1352 701 1412 739 quis
1421 711 1523 731 cornua
1532 704 1560 730 in
1567 702 1639 731 bove
1648 725 1656 739 ‚
1676 715 1734 733 non
1744 706 1849 737 bonum
1860 711 1995 741 Creatoris
2005 725 2021 741 o
2044 727 2074 744 us

1128 744 1271 772 existimet.
1282 743 1462 781 Ostenditque
1471 745 1645 773 necessarium
1655 747 1704 774 esse
1714 748 1789 776 usum
1799 749 2011 783 bombardarum
2021 726 2072 794 ἕο-

1127 786 1225 814 strerno
1236 787 1289 813 hoc
1298 795 1422 822 tempore
1430 806 1438 820 ,
1447 787 1523 823 quod
1532 786 1586 815 sine
1602 798 1634 815 eo
1643 790 1780 818 malorum
1790 792 1868 822 rurba
1877 795 1996 824 coerceri
2004 798 2073 836 legi-

1126 827 1176 856 bus
1186 827 1256 864 posse
1268 825 1339 855 haud
1347 827 1492 855 videretur.
1533 829 1614 857 Conf
1629 831 1761 860 Salmiith.
1770 834 1804 861 ad
1811 836 1957 864 Panciroll.
1965 842 2074 869 noviter

1128 879 1234 907 reperta
1243 879 1302 906 cap.
1312 873 1345 902 ¹8-
1366 868 1490 898 Guibert.
1500 871 1527 897 in
1537 871 1665 909 Polyhist.
1675 883 1733 911 cap.
1743 884 1765 909 9.

1088 915 1106 940 Β
1117 916 1138 939 0
1147 918 1170 939 Μ
1181 917 1198 938 Β
1209 917 1225 938 Υ
1235 917 1253 938 Χ
1261 931 1271 944 ‚
1285 909 1343 947 ἱεὶς
1352 930 1360 946 ,
1370 911 1473 947 βὸμζυξ
1483 933 1490 946 ,
1498 913 1639 941 masculini
1650 917 1757 952 generis
1768 936 1775 949 ,
1786 927 1819 945 ex
1834 919 1940 948 inseffis
1950 918 1987 948 est
1995 942 2002 955 ,
2018 921 2075 954 ἔζη

1129 954 1341 985 Θειῠὲηῐῠαΐηι.
1384 955 1472 991 Origo
1489 965 1522 982 ex
1532 957 1700 991 vermiculo,
1716 957 1767 986 sive
1779 969 1866 990 eruca.
1908 963 1951 990 Fit
1959 963 2058 994 deinde

1129 995 1207 1034 quod
1217 1004 1328 1023 vocatur
1335 995 1481 1033 Bombylim
1489 1008 1498 1024 .·
1514 1007 1546 1024 ex
1555 1007 1587 1025 eo
1597 998 1734 1037 necydalus
1742 1020 1752 1033 ,
1762 1003 1790 1029 ὅ(
1798 1009 1831 1030 ex
1841 1003 1895 1031 hoc
1904 1004 1990 1033 rursus
1998 1007 2026 1034 in
2035 986 2079 1035 sexi

1129 1036 1265 1065 mensibus
1274 1036 1398 1073 Bombyx.
1442 1039 1512 1066 Vide
1520 1039 1697 1069 Pliniumlib.
1708 1051 1737 1071 11.
1748 1053 1807 1081 cap.
1818 1054 1854 1073 22.
1864 1047 1892 1073 ὅ(
1900 1057 1957 1084 cap.
1966 1057 2000 1083 23.
2018 1058 2078 1078 tuin

1129 1079 1269 1107 Aristotel.
1281 1078 1329 1106 lib.
1339 1089 1359 1114 ς.
1370 1079 1471 1107 Histor.
1482 1082 1592 1109 animal.
1602 1092 1658 1120 cap.
1669 1093 1706 1119 19.
1733 1081 1787 1123 Ἧι.
1797 1087 1912 1125 Bombyx
1919 1098 2010 1117 auten-i
2018 1101 2077 1120 non

1128 1122 1215 1149 modo
1224 1121 1403 1148 vermiculum
1414 1141 1420 1155 ‚
1431 1123 1477 1159 qui
1492 1123 1566 1151 illam
1575 1124 1733 1163 lanuginem
1743 1122 1805 1162 net;
1821 1129 1864 1156 sed
1874 1130 1958 1167 ipsam
1967 1132 2077 1171 lanugi-

1128 1173 1191 1191 nem
1201 1183 1209 1197 ,
1217 1173 1274 1209 qua·
1283 1173 1403 1209 nqeturaex
1413 1173 1445 1190 eo
1454 1183 1463 1197 ,
1474 1166 1498 1192 ὃς
1511 1165 1625 1199 vestem,
1634 1177 1690 1205 quae
1700 1168 1764 1196 iride
1782 1171 1946 1208 conficitur,
1963 1183 2073 1205 norat...

1130 1204 1180 1233 Sed
1191 1214 1248 1233 tum
1257 1215 1285 1232 in
1294 1206 1440 1232 roei-mnino
1451 1215 1548 1243 genere
1558 1210 1678 1244 ponitur.
1701 1210 1802 1238 Plinius
1813 1212 1862 1242 lib.
1873 1224 1902 1242 ii.
1912 1225 1970 1252 cap.
1981 1226 2005 1252 23
2023 1220 2073 1244 As-

1811 1256 1968 1293 Propertius
1983 1267 2077 1288 tamen

1248 1333 1302 1357 Nec
1311 1330 1338 1368 fi
1349 1341 1402 1369 qua
1417 1332 1511 1359 Arabio
1527 1333 1593 1360 lucet
1608 1335 1725 1373 bombyce
1735 1336 1833 1374 puella.

1129 1373 1212 1419 Ortus
1221 1392 1228 1406 ‚
1238 1373 1263 1400 δι
1273 1374 1384 1400 texendi
1400 1373 1542 1402 artificium
1553 1379 1661 1413 quando
1671 1397 1678 1411 ,
1695 1382 1720 1405 ὅ(
1731 1379 1876 1415 quomodo
1885 1382 1984 1412 Graecis
1990 1387 2007 1417 ,³
2017 1387 2074 1414 Ro-

1127 1423 1269 1459 manisque
1278 1414 1430 1460 innotuerit
1439 1435 1446 1449 ‚
1457 1417 1539 1444 tradit
1548 1417 1656 1446 voffiiis
1666 1419 1698 1446 de
1706 1415 1806 1448 Histor.
1817 1423 1901 1450 Graec.
1912 1434 1938 1460 p.
1948 1435 1990 1462 273
2021 1428 2063 1466 513

1129 1456 1271 1483 Salmasius
1280 1466 1309 1483 in
1318 1457 1462 1485 Exercitar.
1484 1459 1613 1487 Plinianis
1630 1460 1754 1489 observat
1764 1472 1876 1491 omnem
1894 1449 2074 1498 molliorem-i

1127 1497 1194 1544 lanae
1210 1498 1314 1535 linique
1330 1499 1487 1536 lanuginem
1503 1500 1647 1539 bombycem
1656 1503 1836 1540 appellatam:
1852 1516 1936 1544 eaque
1945 1519 2012 1538 voce
2022 1493 2077 1540 i’li-

1128 1548 1206 1566 nium
1215 1542 1296 1566 etiam
1306 1540 1336 1566 de
1345 1540 1459 1578 Goffjpio
1468 1545 1477 1576 (
1486 1541 1681 1579 ffiaummosse)
1692 1545 1776 1573 usum.
1800 1547 1862 1574 vide
1873 1559 1933 1586 pag.
1944 1554 2001 1586 296.

1128 1578 1346 1628 fflBomby—cinus
1355 1601 1364 1615 ,
1375 1592 1405 1617 a,
1415 1592 1476 1612 um:
1490 1594 1519 1612 ut
1532 1585 1601 1624 Sestu-
1608 1587 1782 1624 Bombycz'na,
1799 1597 1844 1619 em
1860 1590 2064 1626 Εειοςηςῇωῡ

1127 1623 1265 1661 juvenalis
1274 1625 1326 1651 Sat.
1336 1626 1360 1651 6.
1368 1632 1393 1651 v.
1404 1634 1448 1660 259
1753 1639 1758 1642 -
2067 1616 2076 1628 ⁹

1247 1681 1275 1688 i...
1290 1683 1317 1688 --
1333 1676 1448 1704 quarum

1246 1707 1361 1736 Delicias
1374 1707 1407 1737 ὅ
1415 1709 1573 1746 panniculus
1589 1710 1752 1750 bombycinus
1767 1718 1832 1746 urit.

1129 1748 1162 1777 Id
1171 1747 1207 1776 est
1215 1769 1223 1784 ,
1238 1758 1355 1787 quarum
1369 1752 1467 1778 teneris
1477 1753 1503 1779 &
1515 1752 1637 1781 delicaris
1652 1756 1816 1793 corporibus
1825 1758 1984 1789 tenuiffimae
1993 1763 2078 1793 etiarn

1130 1790 1321 1829 levissimaeque
1337 1801 1370 1818 ex
1379 1791 1517 1830 bombyce
1533 1794 1615 1830 vestes
1631 1799 1708 1825 oneri
1717 1798 1785 1827 sunt.
1827 1801 1986 1841 Perstringit
2000 1806 2077 1834 enim

1131 1835 1319 1861 Romanarum
1334 1834 1483 1862 mulierum
1493 1834 1649 1873 insignitam
1663 1840 1822 1870 mollitiem.

1106 1903 1108 1906 ,
1131 1874 1155 1913 Ἦ
1163 1868 1381 1912 Βοιηὺὶεῖηωη,
1390 1875 1479 1907 &eine
1486 1881 1500 1910 s
1508 1877 1730 1918 &emengemanb
1736 1887 1752 1917 l
1767 1883 1876 1915 &einen
1885 1884 1978 1917 fficio.
1992 1915 1994 1927 ἱ
2004 1890 2078 1918 Nam

1133 1916 1199 1963 saepe
1209 1917 1339 1953 adjetstiva
1347 1937 1356 1950 ,
1365 1927 1423 1945 tum
1431 1918 1514 1952 alibi,
1524 1928 1582 1948 tum
1592 1921 1619 1948 in
1627 1932 1654 1949 re
1664 1923 1783 1953 vestiaria
1791 1945 1799 1960 ‚
1816 1936 1879 1954 cum
1887 1928 1916 1955 in
1924 1930 1984 1957 aliis
2013 1941 2076 1959 ene-

1131 1957 1206 1986 ribus
1215 1978 1223 1992 ,
1232 1968 1291 2005 tum
1300 1958 1456 1997 frequenter
1465 1961 1493 1988 in
1509 1970 1606 1990 neutro
1616 1962 1779 1994 substantive
1787 1967 1947 2005 usurpantur
1958 1940 2076 2008 peielli-

1131 1998 1189 2047 psiti
1204 2000 1320 2029 scilicet:
1334 2010 1399 2029 nam
1413 2002 1590 2042 §estimatum
1605 2005 1828 2046 subintelligitur.
1857 2012 1980 2043 Marti-al.
1993 2002 2034 2042 lib
2054 2021 2067 2049 Β
2100 2007 2107 2029 .'
2119 2015 2121 2018 ⁴

1132 2051 1205 2080 epig.
1223 2046 1253 2076 ⁶8
2038 2037 2044 2043 ν
2069 2036 2076 2044 .

1250 2084 1410 2113 Foemineum
1424 2083 1492 2113 lucet
1499 2085 1537 2125 fic
1547 2095 1596 2125 per
1612 2087 1764 2127 bombycina
1777 2102 1865 2132 corpus
1873 2105 1886 2128 ,-

1292 2127 1410 2154 Calculus
1425 2130 1454 2157 in
1467 2129 1555 2168 nitidfi
1563 2129 1601 2168 fic
1617 2141 1769 2161 numeratur
1783 2138 1864 2174 aqud.

1132 2169 1231 2215 Utrum
1239 2169 1304 2198 vero
1318 2168 1504 2207 Bombycinum
1520 2172 1535 2198 a
1551 2174 1635 2200 Serico
1645 2173 1753 2203 differat
1762 2197 1769 2211 ,
1778 2177 1848 2206 inter
1856 2179 1954 2208 doctos
1963 2190 2077 2211 contro-

1131 2213 1254 2239 vertitur.
1295 2212 1328 2257 In
1337 2211 1549 2240 demonstrando
1558 2214 1713 2244 discrimine
1723 2219 1825 2247 multus
1835 2220 1872 2248 est
1879 2221 1966 2259 Justus
1974 2223 2077 2261 Lipsius

1133 2254 1293 2300 Cominent.
1311 2263 1339 2299 in
1354 2263 1375 2281 z.
1390 2255 1491 2281 Annal.
1507 2257 1597 2283 Taciti
1614 2267 1620 2285 :
1644 2268 1740 2287 contra
1754 2261 1896 2291 Salmasius
1906 2263 1942 2291 est
1953 2274 2012 2293 tum
2022 2267 2077 2294 Pli-

1131 2304 1218 2322 manis
1237 2296 1432 2323 Exercitation.
1449 2305 1507 2323 tum
1521 2299 1596 2325 notis
1617 2299 1645 2327 in
1662 2301 1775 2338 Vopisci
1789 2304 1979 2334 Aurelianum.
2021 2308 2076 2337 ubi

1132 2336 1269 2370 ostendit,
1284 2336 1354 2383 niliil
1364 2337 1472 2365 differre
1486 2339 1672 2377 Bombycinum
1683 2346 1696 2370 a
1706 2346 1788 2371 Serico
1798 2365 1808 2378 ‚
1819 2347 1893 2383 apud
1902 2348 2026 2378 austeres
2036 2361 2077 2378 rc-

1130 2377 1222 2425 spedhi
1231 2387 1347 2406 materiae
1356 2388 1435 2416 atque
1444 2381 1557 2418 originis
1566 2402 1574 2416 ‚
1583 2383 1658 2419 quod
1668 2389 1811 2425 utrumque
1819 2388 1970 2418 nasceretur
1978 2401 2012 2418 ex
2020 2403 2079 2420 ver-

1131 2420 1240 2453 mibus;
1255 2419 1300 2447 sed
1316 2422 1437 2448 nominis
1446 2430 1553 2450 tantum
1566 2427 1710 2463 gentisque
1721 2438 1796 2462 ,ntum
1805 2431 1886 2466 pretii
1902 2432 1983 2460 etiam
1993 2435 2079 2462 ratio-

1131 2473 1176 2490 ne.
1217 2462 1375 2509 Bombjicina
1389 2464 1463 2490 enim
1478 2474 1590 2500 vocata,
1607 2469 1701 2505 quaein
1714 2471 1776 2498 Coo
1792 2471 1878 2500 insula
1893 2473 2057 2510 parabantur
2068 2489 2074 2493 ·

1131 2514 1249 2551 qnorum
1265 2513 1399 2550 rationem
1409 2506 1579 2543 Pamphilam
1596 2511 1732 2546 quandam
1741 2513 1830 2541 Coa'm
1845 2515 1989 2544 mulierem
2000 2498 2076 2555 repe}

1130 2548 1198 2575 rusie
1207 2566 1215 2578 ,
1228 2546 1386 2574 Aristoteles
1396 2547 1551 2586 Pliniusque
1561 2550 1671 2579 tradunt
1679 2563 1687 2586 3
1695 2556 1782 2581 Serica
1791 2558 1856 2584 vero
1867 2566 1924 2595 quae
1933 2559 1948 2585 a
1957 2559 2064 2588 Seribus

1126 2595 1210 2626 'gente
1219 2587 1313 2615 Indica
1323 2608 1330 2622 ,
1340 2587 1521 2617 afferebantur
1530 2590 1754 2632 habebanturque
1771 2586 1963 2633 praestantiora.
2001 2581 2076 2630 Post:

1130 2641 1160 2658 ea
1170 2632 1234 2658 vero
1243 2630 1310 2675 adeo
1326 2629 1469 2658 obtinuisse
1485 2635 1629 2660 sericorum
1639 2630 1852 2672 appellationem
1861 2641 2014 2677 promiscue
2047 2653 2077 2672 ut

1129 2670 1177 2710 ipsi
1185 2671 1345 2718 vermiculi,
1363 2672 1484 2709 quid'usti
1500 2675 1635 2712 Bombyces
1651 2670 1798 2714 mesenus,
1813 2683 1884 2708 Seres
1902 2664 2074 2720 appellarisn-

1128 2723 1180 2742 tur.
1223 2713 1295 2741 Vide
1312 2723 1374 2741 eum
1392 2714 1518 2742 indicatis
1540 2717 1623 2750 locis,
1638 2720 1759 2757 itemque
1773 2721 1807 2749 ad
1822 2725 2025 2754 Tertullianum
2041 2729 2075 2756 de

1128 2757 1231 2784 Pallio:
1249 2754 1296 2783 ubi
1307 2756 1389 2783 etiarn
1399 2756 1488 2790 docet,
1498 2759 1608 2795 qnando
1618 2761 1737 2796 primuni
1747 2763 1774 2790 in
1784 2765 1927 2800 Graeciam,
1936 2768 2035 2796 &inde
2044 2770 2075 2797 in

1126 2799 1234 2827 Italiam
1251 2797 1304 2825 hoc
1321 2798 1458 2825 vermium
1471 2809 1555 2836 genus
1566 2821 1573 2835 ‚
1588 2803 1634 2839 qui
1648 2805 1764 2831 Sericum
1778 2804 1830 2834 five
1841 2807 2028 2846 Bombycinum
2038 2812 2074 2839 li-

1128 2845 1213 2879 quant
1222 2860 1229 2874 ,
1239 2838 1269 2867 fit
1283 2840 1430 2867 invectum.

1064 2928 1068 2932 ι
1086 2894 1104 2915 B
1114 2893 1135 2914 O
1145 2889 1165 2911 N
1174 2889 1195 2909 Λ
1222 2886 1244 2909 D
1253 2888 1270 2908 E
1280 2888 1297 2908 Α
1308 2901 1315 2915 ,
1337 2890 1394 2919 quxe
1406 2883 1433 2910 ὅς
1447 2884 1533 2910 fatua
1541 2886 1633 2911 fauna
1642 2884 1801 2921 dicebatur,
1818 2891 1892 2925 cujus
1908 2891 1985 2921 sacris
2000 2895 2074 2924 viros

1126 2923 1248 2956 interesse
1257 2923 1331 2951 nefas
1340 2933 1404 2951 erat.
1447 2925 1524 2952 Llndc
1532 2926 1648 2954 Clodius
1658 2929 1831 2964 pollutorum
1840 2931 1977 2962 sacrorum
1994 2947 2074 2965 accii-

1126 2970 1194 2998 sarus
1205 2965 1256 2993 fuit
1266 2986 1273 2999 ,
1282 2965 1357 3003 quod
1366 2966 1434 2993 inter
1442 2967 1501 2994 illas
1511 2970 1678 2996 ceremonias
1686 2971 1754 2998 veste
1764 2973 1891 3002 muliebri
1901 2979 2073 3012 penetrasset·

1128 3007 1347 3039 Suetnn.Caes.ire
1362 3017 1420 3043 cap.
1432 3010 1455 3035 6.
1496 3011 1568 3046 Saepe
1576 3011 1703 3039 meminit
1713 3014 1811 3042 Cicero
1820 3034 1828 3049 ,
1844 3026 1873 3043 ut
1882 3027 1931 3053 pro
1942 3001 2073 3050 Milone,—

1127 3062 1186 3088 cap‚
1197 3060 1217 3085 ς,
1227 3052 1253 3078 ὅ(
1263 3059 1293 3084 31·
1315 3048 1376 3075 vide
1386 3050 1560 3079 Plutarchum
1570 3052 1597 3079 in
1609 3053 1709 3081 Caesare
1726 3065 1786 3092 pag.
1798 3065 1844 3086 711.
1858 3059 1979 3087 Laetam.
1992 3060 2040 3088 lib.
2053 3071 2072 3090 ι.

1129 3103 1188 3130 cap.
1199 3102 1234 3119 ιι.
1256 3090 1444 3128 EJunioribiis
1453 3092 1600 3121 Alexandr.
1612 3096 1788 3132 Neapolitan.
1798 3097 1845 3126 lib.
1855 3103 1879 3126 6.
1898 3101 2004 3129 Genial.
2015 3103 2074 3130 die-

1129 3146 1188 3164 rum
1197 3143 1255 3170 cap.
1266 3138 1287 3166 8.
1303 3132 1376 3160 Voss.
1388 3132 1420 3160 de
1431 3133 1497 3161 Hist.
1507 3135 1606 3174 Gra-cis
1623 3147 1648 3173 p.
1659 3147 1702 3172 511.

1086 3173 1271 3205 BbNJisvs.
1295 3184 1331 3201 m·
1342 3184 1362 3201 2-
1380 3175 1394 3202 ὁ
1411 3176 1537 3210 βένιιπς,
1552 3178 1653 3205 animal
1669 3180 1768 3217 equina
1782 3179 1847 3215 juba
1857 3202 1864 3215 ,
1880 3184 1955 3220 quod
1969 3185 2037 3214 Plin.
2047 3193 2069 3221 8.

1129 3230 1188 3257 cap,
1198 3227 1230 3253 ¹5·
1246 3218 1282 3244 ita
1298 3215 1439 3245 describit:
1461 3218 1576 3245 Tradunt
1583 3222 1611 3246 in
1621 3221 2014 3264 Poeoniafhran1,qu.e807mfi½
2029 3231 2072 3256 fao-

1128 3270 1215 3292 cetur,
1225 3260 1320 3304 eqfeina
1327 3257 1397 3295 juba
1405 3278 1414 3291 ,
1424 3267 1508 3286 catera
1518 3268 1590 3287 tauro
1598 3261 1712 3299 similem
1721 3283 1730 3295 ,
1739 3264 1856 3290 comibus
1866 3268 1901 3292 ita
1910 3269 1938 3293 in
1946 3268 1976 3305 fi
1984 3262 2061 3306 flexis

1129 3311 1158 3330 m
1173 3312 1225 3336 non
1234 3303 1290 3339 smt
1303 3299 1382 3327 utilia
1393 3309 1487 3338 pugna*
1504 3303 1555 3329 δίε.
1580 3304 1738 3332 Aristoteles
1754 3305 1878 3339 βίη-σονς
1894 3307 1995 3346 scripsit
2032 3291 2072 3340 Si}

1127 3355 1190 3383 gma
1208 3343 1358 3384 geminato.
1403 3342 1474 3369 Vide
1491 3353 1512 3370 z.
1527 3344 1594 3371 Hist.
1609 3347 1730 3373 Animal.
1746 3356 1804 3384 cap.
1822 3358 1840 3375 ι.
1859 3350 1887 3376 δε
1900 3349 1977 3379 alibi.
2007 3332 2071 3383 'Sua

1126 3387 1199 3414 enim
1209 3384 1309 3412 Plinius
1318 3383 1351 3411 de
1360 3383 1408 3411 hac
1417 3383 1472 3411 fera
1481 3395 1513 3412 ex
1521 3386 1664 3414 Aristotele
1674 3386 1767 3414 hausit.

1084 3434 1102 3455 B
1111 3423 1133 3455 ἴ)
1142 3435 1163 3455 N
1172 3434 1229 3460 vs,
1245 3436 1259 3453 a
1267 3446 1276 3459 ‚
1286 3435 1332 3453 um
1342 3445 1349 3459 ‚
1364 3423 1462 3464 iyassq
1470 3446 1478 3460 ,
1487 3426 1587 3463 fremui
1595 3431 1610 3461 l
1619 3434 1666 3466 gut
1674 3433 1689 3462 s
1698 3427 1874 3468 unslrtifflid).
1915 3436 1981 3462 Boni
1997 3439 2071 3466 enim

1128 3470 1316 3507 appellantur,
1324 3468 1353 3495 in
1361 3467 1459 3505 quibus
1468 3468 1538 3495 nihil
1548 3470 1611 3496 mali
1623 3490 1630 3501 ,
1640 3469 1691 3496 sive
1700 3471 1776 3505 virii;
1793 3474 1819 3500 ὅ(
1836 3474 1872 3501 ita
1883 3476 2069 3508 consiimmdm

1127 3513 1211 3539 virtus
1227 3509 1375 3546 inest‚qua:
1391 3510 1420 3536 in
1438 3509 1536 3543 justitia
1551 3511 1670 3538 maxime
1686 3510 1786 3548 posita:
1800 3516 1900 3552 quippe
1918 3527 1975 3554 quac
1993 3530 2069 3548 εκτε-

1127 3563 1168 3581 ras
1176 3555 1286 3581 virtutes
1301 3560 1396 3578 omnes
1412 3551 1473 3578 ideo
1488 3553 1628 3586 continet,
1643 3554 1718 3590 quod
1726 3553 1761 3581 ad
1769 3555 1887 3586 aliorum
1896 3563 2071 3591 commodat..

1128 3594 1225 3629 refert:
1242 3594 1313 3621 unde
1323 3594 1351 3620 ὃς
1362 3591 1499 3626 οἰῶέτμον
1512 3592 1608 3631 αιᾈαῖνὲν
1623 3595 1767 3631 appellata.
1793 3599 1916 3626 Omnibus
1929 3602 2071 3631 Ezrtutibm·

1127 3637 1260 3676 instrudlos
1269 3635 1301 3664 ὅ
1308 3642 1413 3661 ornatos
1421 3653 1430 3666 ‚
1440 3644 1497 3660 cum
1504 3634 1636 3672 fipientes
1643 3645 1701 3663 tum
1714 3639 1781 3665 siros
1788 3640 1865 3667 bonos
1872 3641 1982 3671 dicimus
2011 3645 2072 3673 scri-

1126 3677 1169 3706 bit
1181 3680 1279 3706 Cicero
1288 3686 1308 3711 5.
1318 3674 1425 3703 Tuscul.
1438 3685 1496 3711 cap.
1507 3685 1543 3702 ιο.
1562 3680 1628 3704 Boni
1642 3679 1732 3716 iraque
1748 3679 1806 3708 sunt
1817 3701 1824 3716 ,
1834 3683 1879 3719 qui
1889 3685 1948 3711 vita:
1957 3664 2071 3719 iniciari-

1127 3729 1210 3748 tatem
1219 3727 1328 3752 tuentur
1341 3726 1490 3754 perpet1103
1507 3727 1556 3744 nec
1571 3720 1697 3757 cuiqnam
1708 3720 1800 3757 sponte
1817 3734 1846 3750 ac
1863 3725 1896 3751 de
1916 3717 2070 3756 industria-2

1131 3771 1234 3789 nocent
1243 3772 1251 3793 ς
1260 3760 1326 3796 quin
1334 3767 1428 3786 contra
1438 3758 1558 3794 prodesse
1568 3761 1695 3789 omnibus
1704 3764 1730 3790 8(
1740 3765 1854 3800 cupiunt
1862 3767 1889 3793 ὃς
1899 3765 2015 3801 student,
2025 3770 2072 3797 bc-

1129 3803 1220 3838 nefici,
1229 3801 1334 3836 sinceri,
1342 3798 1430 3830 &fine
1439 3799 1544 3829 fraude.
1565 3804 1661 3831 Cicero
1672 3814 1691 3839 3.
1702 3805 1734 3831 de
1744 3804 1815 3833 offic.
1827 3816 1921 3844 cap.i5·.
1931 3819 2069 3840 extremo:

1724 3847 1748 3872 X
2030 3854 2076 3880 Vir
