2369 4017
288 177 372 228 547
710 160 843 207 CLE

330 236 436 263 Leniter
446 232 573 272 affurgere
587 233 667 262 dixit.
707 234 783 262 Idem
803 235 836 262 de
850 235 997 263 Germania
1012 245 1071 273 cap.
1081 245 1102 269 t,
1134 234 1273 264 Danubius

330 276 441 306 moui&
447 276 585 303 clementer
592 275 659 303 edito
668 284 763 303 montis
773 276 882 304 Abnoba*
891 278 957 315 jugo
965 275 1055 316 effusus
1068 278 1155 315 plures
1166 276 1274 315 populos

331 318 398 347 adit.
440 317 639 345 Ubiclementer
646 317 744 344 editum
752 319 848 355 jugum
856 320 986 356 praccipiti
995 328 1074 356 atque
1090 319 1206 356 abrupto
1222 328 1274 355 op-

332 360 423 398 ponit.
463 360 506 387 Sic
514 361 540 387 δε
549 360 705 392 clementer,
714 369 763 396 pro
773 361 930 394 commode,
939 360 1018 388 facile
1027 381 1034 395 ‚
1044 362 1069 388 ὅ(
1080 360 1132 388 sine
1141 360 1234 389 labore
1243 369 1273 387 ac

333 400 457 429 molestia
466 401 587 437 ponitur.
609 401 687 429 ldem
695 401 836 436 Tacitus3.
852 401 919 430 flist.
935 412 993 439 cap.
1004 412 1030 436 52
1049 405 1076 430 Si
1091 413 1144 442 qua
1151 404 1220 440 juga
1235 404 1274 429 A-

329 444 440 482 pennini
448 442 595 470 clementius
602 443 757 471 adirentur:
772 443 798 470 id
808 443 857 476 est,
876 443 996 476 facilius,
1015 445 1121 472 minore
1137 443 1231 471 labore
1246 444 1273 471 &

318 481 320 484 ’
333 484 528 512 contentione:
552 484 630 512 Idem
643 485 785 514 Annasiz.
801 495 859 522 cap.
872 495 893 520 33
917 488 981 512 Tum
997 486 1125 513 montibus
1133 483 1277 522 arduu‚fi

287 560 290 562 v
330 536 385 565 qua
393 525 622 554 clementeraccedi
634 535 753 564 poterant
768 529 819 555 δίς.
846 527 950 554 Gellius
960 526 1010 554 lib.
1020 533 1134 565 i.cap.18
1155 525 1274 553 Varrode

330 567 399 595 AElio
412 567 715 607 clementiffimescripfit.

330 609 354 648 fil
363 609 515 638 inclemens
524 630 532 645 ,
541 610 635 646 adjeci,
644 611 811 638 contrarium
821 630 828 643 ,
847 607 964 648 ungi‘tttq
972 613 986 643 l
995 607 1145 648 ungnc‘tbtg.
1163 618 1193 637 ut
1201 629 1209 643 ,
1222 611 1273 637 Di-

331 653 415 679 flator
422 651 576 686 inclemens,
590 653 647 681 Liv.
663 651 711 680 lib.
721 658 743 684 3,
753 662 774 680 c.
785 662 818 687 32.
840 652 1030 678 inclementiori
1045 651 1120 678 Gerbo
1135 662 1211 690 quem
1225 660 1272 689 ap-

326 693 442 732 pellare,
451 693 522 731 apud
530 693 611 722 eund.
622 694 670 722 lib.
680 704 694 728 9
708 704 765 729 cap.
775 703 814 729 34.
856 695 888 721 Et
897 694 999 729 Superl.
1014 692 1086 728 apud
1094 692 1271 721 Macrobium

330 734 380 764 lib.
389 745 408 763 1.
424 737 518 764 somn.
533 738 573 764 Sc.
590 746 648 773 cap.
658 745 686 763 10
713 734 845 773 Dionysius
859 734 924 762 ,aulae
936 734 1025 761 Siculae
1039 733 1270 772 inclementiffi‘mus

327 777 475 805 incubator.

329 818 556 858 qIInclememia,
566 816 1006 856 Unftcunbsigfeit[Ungiitigreit.
1027 817 1158 855 Virgilius
1174 827 1195 845 z.
1209 819 1270 846 AEn.

330 870 356 889 ν.
365 862 412 888 602
435 860 524 888 siert'im
537 861 704 888 inclementia
719 862 816 888 Disiam

447 905 502 930 Has
523 904 614 929 ebertit
628 910 693 939 opes.

328 943 404 972 Idem
413 945 436 972 G
441 953 514 981 eoi-g.
525 953 544 980 3.
553 954 578 971 v.
588 947 617 976 68
638 942 808 970 Inclementia
822 944 922 969 mortis.

327 985 353 1024 ἹῘ
362 986 543 1014 Inclementer
552 1006 559 1020 ‚
574 988 666 1013 Dicere
674 987 702 1012 in
710 984 824 1023 aliquem
832 984 1016 1016 inclementer,
1031 984 1142 1011 Terent.
1159 982 1188 1010 in
1197 982 1268 1020 prol.

307 1024 310 1026 .
328 1023 464 1056 Eunuchi.
507 1028 617 1055 Tacitus
627 1036 646 1061 3.
662 1025 729 1054 Hist.
742 1036 799 1063 cap.
808 1037 829 1061 4
849 1029 873 1053 Is
886 1035 986 1064 quoque
999 1025 1167 1052 inclementer
1180 1027 1208 1052 in
1223 1027 1269 1052 Vi-

328 1068 428 1096 tellium
442 1068 528 1096 inssehi
535 1068 629 1106 solitus
644 1069 696 1096 διε.
735 1068 826 1096 Livius
835 1077 855 1104 3.
863 1078 886 1096 c.
895 1071 929 1102 48
944 1065 1042 1106 siquid
1053 1066 1232 1094 inclementius
1238 1069 1269 1094 in

328 1109 421 1148 tesiam
442 1112 563 1138 insidia.

286 1157 308 1180 c
316 1156 333 1178 L
341 1157 358 1178 E
366 1148 389 1178 ὃ
399 1157 416 1178 Β
425 1157 435 1179 1
445 1158 457 1178 S
466 1171 474 1186 ,
496 1153 587 1189 Argiae
596 1149 740 1179 sacerdotis
755 1150 838 1178 silius.
858 1151 948 1178 Cicer.
958 1149 1067 1178 Tusciil.
1075 1148 1183 1188 quaest.i.
1193 1157 1265 1184 c.47,

326 1195 411 1231 Argia
418 1192 561 1230 sacerdotis
570 1192 664 1220 Cleobis
672 1192 704 1223 ὅ
708 1195 787 1220 Biton
789 1191 844 1230 filii
854 1191 1043 1230 predicantur.
1086 1194 1157 1219 Nota
1166 1190 1266 1230 fabula

324 1235 370 1263 etl.
397 1236 491 1274 Qum
500 1237 570 1262 enim
584 1234 657 1262 illam
665 1234 702 1262 ad
708 1234 816 1273 solenne
823 1233 854 1264 ὅ
855 1229 955 1272 statum
959 1232 1119 1272 ſsierificium
1134 1244 1211 1261 curru
1224 1235 1266 1260 Se-

323 1275 352 1304 hi
359 1277 406 1314 jus
415 1275 471 1314 effe!
479 1296 488 1309 ,
496 1275 566 1314 fitis
579 1276 654 1314 longe
665 1276 699 1304 ab
713 1276 804 1314 oppido
820 1276 857 1303 ad
864 1274 966 1314 fanum
976 1296 983 1308 ,
997 1283 1208 1314 morarenturque
1216 1276 1264 1312 ju·
1292 1273 1319 1310 B

324 1326 414 1346 menta
424 1339 432 1353 ,
440 1326 502 1345 tunc
510 1319 619 1355 jussenes
626 1320 647 1345 ii
656 1338 662 1351 ,
670 1328 732 1356 quos
741 1318 815 1345 modo
823 1319 958 1344 nominassi
966 1337 975 1350 ‚
982 1317 1044 1356 §este
1054 1316 1137 1355 postca
1144 1337 1154 1349 ‚
1163 1325 1265 1354 corporat

324 1360 377 1388 oleo
388 1368 567 1398 perunxerunt
577 1380 583 1393 2
593 1370 624 1387 ac
631 1361 727 1398 jugum
741 1358 904 1396 aci-efferunt.
943 1362 987 1387 Ita
995 1359 1115 1397 Jt'icerdos
1122 1359 1228 1386 adssee‘la
1236 1362 1266 1386 in

315 1400 420 1441 finum
427 1421 436 1435 ‚
451 1412 508 1429 cum
517 1412 606 1429 currus
614 1400 670 1439 effet
685 1401 773 1429 dulim
780 1400 797 1428 a*
806 1400 870 1438 filiis
878 1421 887 1433 ,
898 1409 1007 1438 precata
1015 1399 1032 1428 ax
1041 1404 1098 1428 Dea
1113 1401 1210 1428 dicitur
1217 1420 1227 1434 ,
1234 1407 1264 1428 ut

323 1443 372 1471 illis
382 1446 520 1481 praemt'um
530 1443 606 1471 daret
616 1452 666 1481 pro
676 1447 786 1481 pietate,
793 1442 864 1482 quod
875 1446 1021 1470 maximum
1030 1443 1130 1470 homini
1138 1443 1199 1470 dari
1202 1451 1263 1480 pos-

313 1484 350 1524 fit
357 1495 375 1512 a
382 1487 446 1513 Deo.
489 1486 548 1513 9012
556 1485 670 1523 epulatos
679 1497 736 1513 cum
749 1494 835 1512 matre
842 1485 1011 1524 adolesc'entes
1020 1484 1113 1523 somno
1120 1484 1151 1523 st
1159 1483 1260 1523 dediffl,

324 1537 403 1554 marie
417 1529 535 1554 inssentos
548 1526 592 1565 effi
599 1535 721 1555 mortuos,

280 1573 302 1596 C
311 1564 354 1596 L'ii
363 1564 385 1596 ἴ)
393 1575 409 1596 Β
419 1565 441 1596 ‘V
449 1574 466 1596 L
475 1576 493 1596 V
502 1575 515 1596 s
525 1590 532 1604 ‚
555 1568 706 1601 Κλιέέκλος
714 1589 721 1601 ‚
735 1568 854 1606 Lyndius
863 1567 930 1602 fiiir5
945 1570 1074 1606 Evagorae
1088 1566 1158 1596 filius
1167 1587 1175 1601 ,
1190 1576 1260 1596 unus

321 1612 335 1638 ὲ
345 1610 445 1647 septem
455 1612 564 1639 Graeciae
574 1611 736 1647 sapientibus
746 1631 753 1643 ,
763 1610 862 1638 robore
871 1630 878 1643 ,
889 1612 914 1638 &
924 1609 1128 1646 pulchritudine
1136 1610 1259 1646 corporis

319 1653 444 1680 eximius.
485 1653 582 1681 Filiam
593 1652 687 1680 habuit
695 1652 907 1685 Cleobiilinam,
924 1653 1058 1689 virginem
1067 1651 1176 1679 doctam
1184 1671 1192 1686 ‚
1201 1661 1260 1689 quae

319 1693 437 1722 versibus
446 1694 607 1722 hexametris
617 1695 760 1732 aenigmata
769 1694 890 1731 quxdam
901 1692 1008 1730 scripsit.
1048 1690 1166 1721 Deceffit
1174 1692 1259 1721 Cleo-

320 1734 400 1763 bulus
408 1746 494 1763 annos
510 1746 587 1764 natus
602 1746 644 1771 70.
664 1736 908 1773 Apophrhegmata
919 1738 973 1769 ejus
982 1735 1053 1772 apud
1060 1735 1214 1769 Laenium,
1230 1738 1258 1764 6<

321 1777 459 1806 Stobaeum
470 1777 566 1806 habes:
583 1788 615 1806 ex
623 1778 736 1806 Ausonii
746 1777 917 1814 sapientibus
925 1777 1015 1804 addo:

438 1819 552 1859 Qanto
566 1820 625 1857 pli‘is
640 1820 718 1846 liceat
733 1828 790 1846 tam
804 1820 883 1847 libeat
897 1822 984 1846 minias
993 1828 1003 1845 .-

439 1863 558 1889 Fortunx
573 1861 675 1889 infiidia
689 1862 724 1889 eff
739 1864 884 1888 immeritus
898 1860 992 1899 mistr5

433 1903 506 1931 Felix
520 1903 673 1931 criminibus
689 1903 773 1930 nullm
788 1906 837 1930 erit
856 1903 902 1930 diu
907 1913 919 1936 ,-

434 1944 550 1983 Ignoſsaa·
563 1945 613 1973 alii
624 1945 710 1972 multa
718 1965 727 1978 ,
743 1945 811 1972 nihil
826 1945 875 1972 tibi
882 1964 891 1977 ,
900 1943 954 1975 &a

275 1988 297 2013 c
305 1990 322 2012 L
330 1991 348 2012 E
355 1991 377 2013 O
386 1991 410 2013 M
419 1992 436 2013 Β
444 1992 464 2015 R
473 1983 495 2014 ὃ
504 1993 524 2014 T
532 1993 551 2014 V
562 1992 575 2014 S
585 2006 592 2021 ,
615 1987 770 2015 adolescens
780 1986 831 2015 fuit
839 1985 1018 2015 Ambraciota
1027 1985 1084 2022 [est
1092 1994 1183 2014 autem
1192 1985 1260 2022 Epi-

314 2028 337 2055 ri
347 2027 410 2056 urbs
418 2029 573 2062 Ambracia,
583 2028 714 2066 descripta
723 2030 738 2057 a
747 2030 825 2057 Livio
835 2027 921 2064 lib.38.
931 2037 990 2064 cap.
1001 2028 1049 2063 4.]
1059 2028 1106 2065 qui
1116 2028 1188 2056 lecto
1198 2028 1259 2055 Pla-

313 2070 388 2097 tonis
398 2070 431 2098 de
439 2072 591 2099 animarum
601 2071 807 2099 immortalitate
816 2070 888 2099 libro
897 2090 905 2104 ‚
914 2080 976 2098 curn
985 2068 1085 2097 adversi
1099 2070 1124 2097 ei
1136 2070 1205 2097 nihil
1214 2080 1258 2097 ac-

314 2111 417 2140 cidisset
427 2133 435 2146 ,
444 2114 610 2150 praecipitem
626 2112 649 2140 se
659 2113 691 2140 de
699 2122 778 2140 muro
788 2114 815 2140 in
823 2122 896 2140 mare
905 2112 1014 2148 abjecit,
1024 2111 1258 2148 quemadmodum
1279 2124 1313 2160 C

312 2153 342 2180 iu
350 2163 368 2181 i.
377 2154 485 2182 Tuscul.
494 2154 584 2193 quaest.
594 2165 652 2192 cap.
662 2164 695 2191 34
712 2155 812 2183 Cicero
820 2154 930 2188 retulit,
940 2163 1028 2191 eoque
1036 2153 1121 2182 Ovid.
1129 2152 1217 2182 allusit
1231 2154 1261 2181 in

307 2193 371 2222 Ibin
386 2205 411 2224 v.
419 2205 469 2231 493

431 2237 477 2266 Vel
490 2237 522 2265 de
534 2240 662 2276 precipiti
676 2239 763 2264 Senias
777 2240 806 2265 in
820 2245 928 2265 tartara
938 2235 1006 2274 saxo
1014 2255 1025 2270 ‚

437 2283 472 2307 (λι
485 2282 531 2318 qui
546 2282 702 2308 Socraticum
717 2280 748 2306 de
762 2290 820 2307 nece
834 2280 898 2318 legit
911 2287 982 2317 opm.

311 2318 384 2347 Vide
393 2322 419 2349 ὁ(
428 2321 594 2350 Callimachi
601 2322 776 2360 Epigramma
791 2327 829 2354 28.

267 2357 372 2388 (ῐιέἴ)
381 2369 405 2390 Μ
415 2359 433 2390 ἓ
442 2369 462 2391 Ν
470 2369 487 2391 Ε
495 2370 508 2390 S
519 2383 526 2397 ,
546 2363 816 2392 Lacedaemoniorum
827 2363 881 2391 dux
890 2361 944 2390 fuit
953 2382 961 2397 ,
970 2362 1035 2400 qui,
1053 2371 1114 2390 cum
1131 2360 1165 2390 ab
1174 2362 1254 2390 Anti-

309 2413 386 2441 gono
395 2414 457 2443 rege
466 2405 552 2433 vietus
561 2405 596 2434 ad
605 2406 781 2434 Ptolemaeum
791 2405 814 2432 se
831 2403 968 2442 recepisset
977 2423 985 2435 ,
1002 2414 1032 2432 ac
1041 2405 1143 2432 mutuis
1158 2404 1254 2432 vulne-

306 2444 382 2473 ribus
392 2446 420 2474 in
428 2457 532 2475 carcere
540 2457 603 2475 cum
611 2446 781 2485 aliis,quibus
789 2457 851 2474 cum
860 2447 957 2474 carceri
967 2446 1081 2474 traditus
1089 2445 1254 2480 fuerat‚con-

306 2486 405 2525 fligens
416 2488 541 2525 periisset,
551 2490 696 2517 mortuusa
707 2489 854 2517 Ptolemaeo
867 2489 937 2525 pelle
947 2489 1062 2516 nudatus
1071 2487 1199 2525 crucique
1211 2487 1252 2515 af-

307 2527 377 2556 fixus
385 2529 423 2558 est
434 2550 441 2565 ‚
450 2531 584 2558 Plutarch.
624 2531 649 2569 ἹῘ
660 2541 679 2558 z.
689 2531 830 2558 Cleomenes
838 2531 905 2558 alius
915 2530 1018 2558 Siculus
1029 2528 1098 2562 fuit,
1109 2529 1215 2557 luxuria
1224 2531 1251 2558 ὃ(

306 2572 430 2608 nequitia
437 2575 552 2600 Verrem
560 2573 671 2600 imitans
679 2592 688 2606 ,
696 2575 770 2608 cujus
788 2573 816 2600 in
825 2582 838 2607 7
854 2572 969 2600 Verrina
977 2581 1035 2608 cap.
1044 2580 1070 2607 32
1085 2571 1185 2599 Cicero
1193 2581 1252 2599 me-

303 2621 395 2640 minit.

264 2657 284 2679 C
295 2658 311 2680 1.
319 2649 338 2680 ἵΞ
347 2660 368 2681 O
377 2660 399 2682 N
407 2675 415 2689 ‚
430 2653 486 2682 dux
494 2652 703 2683 Atheniensium
713 2655 775 2689 fuit,
784 2656 880 2688 Niciae,
890 2655 917 2682 in
928 2654 1161 2682 administratione
1170 2655 1248 2692 Reip-

307 2695 482 2724 adversarius.
524 2695 549 2735 Ἥ
557 2707 578 2724 2.
588 2697 679 2725 Cleon
689 2697 757 2724 alius
766 2698 847 2734 poeta
856 2694 955 2732 scripsit
963 2696 1161 2733 Argonautica,
1171 2707 1185 2724 a
1194 2706 1248 2733 quo

303 2738 472 2774 Apollonius
481 2738 606 2766 Rhodius
620 2748 812 2776 argumentum
828 2746 968 2766 mutuatus
976 2737 1019 2764 est.
1049 2737 1154 2764 Suidas.
1195 2738 1247 2777 513.

301 2779 363 2807 Fuit
372 2781 399 2807 &
412 2780 478 2807 alius
489 2780 579 2807 Cleon
588 2781 669 2808 Po‘e'ta
679 2800 686 2814 ‚
695 2779 738 2808 sed
746 2780 834 2808 malus
844 2800 854 2813 ,
863 2781 891 2808 &
898 2779 1023 2807 adulator
1031 2779 1059 2806 in
1067 2780 1199 2808 comitatu
1207 2782 1247 2808 A-

303 2821 425 2848 lexandri
433 2823 531 2858 Magni
542 2841 549 2855 ‚
558 2822 592 2849 de
602 2832 657 2859 quo
669 2823 779 2850 Curtius
788 2821 836 2850 lib.
847 2827 869 2855 8.
878 2830 936 2858 cap.
946 2830 967 2855 5.

261 2867 282 2889 C
293 2857 366 2889 L‘i‘fif)
375 2868 395 2889 Ν
406 2868 423 2889 Ε
432 2883 439 2896 ,
457 2873 483 2890 es
493 2865 518 2890 ὅ(
529 2863 640 2891 Cleonae
650 2883 657 2897 ‚
667 2873 744 2891 arum
753 2884 760 2897 ,
777 2863 911 2901 oppidum
927 2872 1011 2899 prope
1020 2864 1109 2899 Argos
1117 2881 1127 2894 ‚
1145 2864 1247 2897 juxta...

301 2903 378 2941 quod
386 2906 507 2932 Leonem
516 2905 645 2933 Hercules
654 2905 757 2940 occidit
764 2925 772 2940 ‚
787 2915 844 2933 non
852 2905 948 2943 procul
957 2915 972 2932 a
979 2907 1083 2933 Nemea
1091 2902 1164 2932 silva.

300 2945 324 2984 §l
333 2945 485 2974 Cleonaeus.
530 2946 610 2974 Silius
618 2945 667 2974 lib.
677 2957 696 2982 3.
705 2957 730 2974 v.
739 2956 772 2982 34

418 3005 446 3011 --
525 3005 552 3011 .-
603 3000 609 3006 ·
630 3006 657 3011 -
677 2987 740 3026 elifii
756 2989 836 3015 leonis

420 3031 468 3057 Ora
483 3028 590 3058 Cleonaei'
599 3030 693 3067 patulo
713 3030 832 3057 celantur
844 3028 929 3058 hiatu.

299 3071 375 3099 Sidm
385 3070 527 3098 Cleonaeum
535 3090 546 3103 ‚
554 3071 583 3098 id
591 3069 627 3098 est
635 3091 643 3104 ‚
653 3072 740 3099 leonis
749 3070 819 3099 fidus
829 3092 837 3105 ,
845 3071 916 3108 apud
926 3073 991 3099 Stat.
1000 3081 1028 3105 4.
1038 3069 1109 3098 silva
1117 3075 1213 3105 4.v.z8.

256 3120 301 3143 CL
311 3109 388 3141 ἒῦΝ
396 3109 419 3141 “Y
430 3119 455 3140 M
465 3119 482 3140 v
493 3118 524 3147 S,
545 3112 713 3150 Κλιόνυμις,
721 3113 851 3151 ῥίψασπις
860 3133 867 3146 ‚
885 3113 913 3141 id
922 3112 958 3141 est
967 3133 974 3147 ,
989 3111 1108 3140 desertor
1118 3112 1224 3140 ordinis
1233 3133 1242 3147 ,

295 3156 376 3194 &qui
386 3155 484 3193 clypeo
495 3152 602 3189 abje&o
610 3153 690 3191 fugit.
719 3155 796 3182 Unde
812 3154 952 3190 Κλιυνῦμκ
967 3154 1106 3193 &uzinge-
1115 3173 1123 3186 ,
1133 3154 1186 3182 hoc
1196 3154 1242 3189 est,

295 3198 428 3235 Cleonymo
437 3195 567 3229 timidior,
576 3195 698 3233 proverb.
710 3196 781 3232 apud
790 3196 862 3224 Suid.
872 3199 913 3226 ein
922 3197 1178 3235 vergogterlfieogtr.
1186 3197 1241 3225 hoc

294 3241 368 3267 enim
377 3240 444 3267 vitio
455 3237 622 3276 Cleonymum
630 3238 766 3275 quendam
777 3237 920 3266 insectatur
929 3239 1133 3274 Aristophanes.

253 3290 273 3311 c
281 3277 322 3309 [ἴε
331 3279 353 3308 ὃ
363 3287 380 3308 P
389 3277 436 3318 7³]
444 3286 491 3309 ΚΑ
500 3299 508 3314 ‚
523 3278 695 3317 Kataonia-pa,
706 3280 813 3316 AEgypti
830 3281 922 3316 regina
936 3279 1047 3316 superba
1064 3280 1110 3307 illa
1125 3280 1151 3308 ὅ(
1161 3279 1241 3307 luxu-

291 3323 370 3353 riosa,
379 3332 461 3360 quarn
471 3321 618 3355 Antonius,
629 3320 719 3348 sorore
727 3321 840 3358 Augusti
852 3321 990 3353 dereliCsa,
1000 3321 1078 3349 duxit
1089 3320 1240 3358 ;quam0b-

293 3375 350 3392 rem
365 3363 468 3392 bellum
483 3363 511 3390 in
523 3362 609 3399 ipsum
617 3362 752 3400 Augustus
762 3364 850 3390 movit
859 3383 866 3396 ,
876 3364 903 3390 in
912 3373 967 3400 quo
976 3366 1113 3391 Antonius
1121 3367 1147 3391 ὁ(
1157 3363 1240 3390 Cleo-

292 3415 366 3443 patra
375 3406 520 3442 perierunt.
536 3404 606 3432 Plin.
617 3415 708 3441 9.cap.
721 3414 754 3439 35.
802 3404 873 3432 Vide
883 3406 909 3432 ὅ(
926 3404 1003 3441 supra
1023 3405 1049 3431 in
1058 3403 1138 3443 Aspis.
1169 3406 1236 3432 Duo

291 3447 365 3474 fuere
379 3448 492 3474 maximi
509 3447 627 3474 uniones
640 3456 688 3483 per
704 3456 786 3473 omne
800 3456 886 3474 aevum
902 3457 909 3480 5
934 3456 1078 3483 utrumque
1100 3446 1236 3483 possedit,-

292 3489 439 3523 Cleopatra
451 3489 558 3525 AEgypti
569 3489 724 3525 reginarum
736 3487 878 3516 novissima
887 3507 896 3520 ‚
906 3498 952 3524 per
961 3498 1055 3515 manus
1066 3489 1186 3515 Orientis
1195 3498 1236 3516 re-

290 3540 356 3568 gum
367 3528 413 3556 sibi
425 3531 548 3557 traditos.
591 3532 663 3563 Haec,
673 3531 734 3557 cum
744 3529 881 3568 exquisitis
891 3530 1014 3567 quotidie
1023 3530 1158 3557 Antonius
1168 3529 1236 3567 sagi-

290 3580 398 3600 naretur
407 3571 502 3606 epulis,
515 3570 628 3606 superbo
640 3570 757 3599 simulac
767 3573 876 3608 procaci
887 3571 951 3599 fastu
960 3580 990 3599 ut
998 3572 1090 3608 regina
1101 3572 1235 3599 lautitiam

291 3616 346 3647 ejus
356 3621 466 3639 omuein
477 3621 687 3649 apparatumque
698 3614 848 3642 detrectans
859 3635 864 3647 ‚
874 3623 1008 3651 quaerente
1024 3623 1056 3640 eo
1066 3632 1074 3645 ‚
1083 3613 1235 3651 quidastrui

289 3652 486 3691 magnificentie
499 3651 569 3689 poffit
581 3672 587 3683 ,
604 3655 742 3690 respondit
751 3676 758 3687 ,
775 3657 829 3683 unii
839 3655 869 3693 fi
884 3666 955 3683 coena
971 3657 1064 3682 centies
1071 3654 1233 3693 sestertium.-

288 3696 489 3733 abfiaempluram
511 3694 646 3729 capiebat
657 3697 746 3723 videre
757 3699 895 3725 Antonius
905 3717 913 3730 ‚
923 3696 967 3725 sed
978 3697 1034 3724 sieri
1044 3696 1115 3733 posse
1124 3705 1181 3723 non
1191 3706 1232 3723 ar-

289 3737 448 3767 bitrabatur.
489 3738 561 3772 Ergo
572 3735 759 3771 sponsionibus
768 3738 846 3767 factis
855 3740 961 3776 postero
969 3738 1024 3770 die,
1034 3748 1088 3775 quo
1100 3738 1231 3773 judicium

288 3778 419 3817 agstmur
428 3796 436 3809 ,
446 3787 472 3803 in
480 3776 619 3813 agnis-imin
630 3778 694 3805 alias
709 3789 830 3814 coenam,
846 3791 880 3808 ne
890 3780 947 3808 dies
956 3781 1071 3817 periret,
1088 3778 1131 3807 sed
1139 3779 1231 3817 quoti-

1262 3007 1297 3043 D

1765 159 1901 207 CLE
2232 128 2329 223 548³*

1368 233 1478 262 dianam
1485 232 1612 262 Antonio
1627 231 1752 270 apposuit
1766 232 1910 268 irridenti,
1925 230 2214 272 computationemque
2222 243 2308 272 expo-

1371 275 1480 303 stulanti
1489 295 1498 309 ,
1507 275 1544 303 ait
1552 274 1600 303 illa
1609 273 1773 309 corollarium
1779 273 1810 301 id
1815 272 1871 313 effi,
1878 273 2137 314 confiimptumrnque
2143 275 2173 313 fi
2186 276 2216 303 ea*
2223 277 2252 303 in
2259 285 2308 303 coe-

1368 318 1406 344 ηὲ
1413 318 1580 344 taxationem
1594 315 1767 354 confirmans,
1774 314 1912 357 solamque
1919 316 1948 354 ft
1962 319 2055 344 centies
2064 316 2210 355 fiflertium
2223 327 2308 346 cena-

1371 366 1456 386 tumm
1464 376 1474 391 ,
1483 356 1578 386 inferri
1588 356 1708 386 mensam
1717 356 1860 386 secundam
1875 356 1955 394 juffit.
1996 360 2037 386 Ex
2046 368 2181 396 praecepto
2189 355 2306 387 ministri

1368 409 1454 427 unum
1462 408 1570 427 tantum
1577 409 1623 427 vas
1632 408 1694 436 ante
1709 409 1770 427 eam
1783 398 1895 436 posuere
1902 400 1969 428 aceti
1978 419 1989 433 ,
1998 402 2073 434 cujus
2084 399 2210 437 asperitas
2222 409 2306 438 usque

1370 442 1401 468 in
1407 439 1498 468 tabem
1513 441 1672 479 margaritas
1680 440 1803 469 resolvit:
1819 440 1989 480 Gegebatque
1997 440 2107 469 auribus
2115 450 2174 469 tum
2187 441 2306 470 maxime

1370 481 1503 520 singulare
1519 482 1588 510 illud
1603 483 1630 512 δι
1643 492 1704 510 vere
1719 483 1830 510 unicum
1839 492 1939 511 naturai
1947 492 2032 521 opus:
2046 484 2140 521 Itaque
2155 481 2307 520 spedhnte,

1372 524 1498 552 Antonio
1507 523 1638 562 quidnam
1647 523 1708 552 esset
1715 523 1806 553 adiuta
1813 544 1821 559 ,
1829 523 1980 553 deti-aetum
1988 525 2104 553 alterum
2111 522 2201 552 mersit
2209 544 2218 559 ,
2232 533 2263 552 ac
2271 524 2306 552 li-

1369 564 1530 603 quefadtum
1543 564 1690 594 absorbuit.
1732 566 1829 602 Injecit
1843 566 1920 595 alteri
1933 576 2045 594 manum
2059 568 2088 594 L.
2097 567 2209 595 Plancus
2223 565 2307 602 judex
2322 580 2325 584 -

1371 606 1522 645 sponsionis
1531 608 1596 642 ejus,
1605 617 1668 635 eum
1675 616 1785 645 quoque
1794 608 1899 645 paranti
1907 607 1988 636 simili
2000 607 2088 635 modo
2096 606 2234 636 absumere
2241 625 2250 641 ,
2261 607 2306 642 ri?

1367 649 1497 687 &umque
1509 649 1666 677 Antonium.
1679 649 1879 686 pronunciavit.
1907 652 1947 679 Ex
1956 649 2037 678 Plinii
2046 647 2094 677 lib.
2105 659 2128 684 9.
2138 659 2196 686 cap.
2203 658 2238 685 35.

1325 695 1346 718 c
1354 695 1371 717 L
1379 686 1399 717 uE
1407 696 1425 718 P
1434 696 1455 718 0
1465 710 1474 723 ,
1490 688 1570 727 clepsi
1579 711 1586 725 ,
1599 691 1709 720 κλέπτω
1719 709 1728 724 ‚
1737 690 1775 718 est
1782 690 1937 728 usurpatum
1947 693 1961 719 a
1971 692 2065 720 Plauto
2074 691 2103 718 in
2110 690 2238 726 Pseud.<&
2245 690 2304 720 Cic.
2334 691 2337 694 ⁴

1365 733 1395 760 in
1402 731 1510 760 Tuscul-
1518 734 1545 760 &
1553 731 1637 764 alibi,
1648 741 1677 760 ut
1684 731 1733 760 lib.
1741 742 1762 768 3.
1777 732 1810 760 de
1817 741 1873 761 nat.
1880 733 1956 762 deor.
1963 743 2022 770 cap.
2030 741 2068 766 27.
2083 733 2110 760 &
2118 731 2191 760 liba.
2199 731 2233 759 de
2240 733 2304 770 Leg-

1363 784 1424 810 cap.
1432 784 1456 809 9.
1476 776 1586 801 Sacram
1593 773 1720 813 [iitroque
1734 773 1944 802 commendatum
1959 777 2005 814 qui
2019 773 2135 812 clepfirit
2149 793 2158 808 ‚
2169 772 2306 811 parricida

1364 815 1420 855 esto.
1461 815 1529 855 Dolo
1544 815 1645 854 clepfiffi
1653 815 1760 850 ‚idest‚
1777 815 1944 852 surripuiffe,
1959 815 2120 844 suffiiratum
2134 814 2183 843 esse
2191 835 2201 848 ,
2215 813 2306 851 (ὅςεί).
2330 828 2332 830 ’

1364 858 1418 887 len.
1446 857 1514 885 vid:
1521 859 1613 886 Senec.
1628 857 1730 897 Medea
1737 867 1762 886 v.
1773 867 1819 894 ¹55·
1835 858 1932 887 Manis.
1948 857 1998 886 lib.
2008 868 2026 886 i.
2043 867 2068 885 v.
2078 866 2115 892 27.
2135 858 2162 886 &
2179 856 2305 885 Prudent.

1362 898 1555 936 Psychomach.
1565 910 1589 927 v.
1598 901 1656 935 564.

1323 946 1368 968 el.
1376 947 1392 968 E
1401 946 1417 968 Ρ
1427 935 1470 968 8³5⁷
1480 946 1502 968 D
1510 946 1558 970 ΚΛ
1568 961 1576 975 ,
1591 951 1610 968 κ
1619 961 1628 974 ‚
1642 938 1810 979 Κλιψόὲρφς
1826 939 1962 969 vasculum
1972 950 2028 970 erat
2036 960 2046 975 ,
2054 940 2128 970 unde
2136 939 2224 969 infusa
2237 950 2305 978 aqua

1364 982 1529 1020 perfluebat,
1542 984 1568 1010 ὰ
1578 981 1672 1010 furtim
1680 980 1751 1019 quasi
1761 980 1974 1012 subducebatur:
1989 983 2062 1012 unde
2075 984 2102 1012 ὅτ,
2115 992 2220 1011 nomen
2227 991 2306 1010 acce-

1361 1025 1411 1062 pit.
1450 1026 1477 1052 A
1490 1025 1588 1054 *alu-7⁰
1604 1025 1677 1051 enim
1687 1027 1712 1052 ὅ(
1731 1022 1794 1062 ὕδρῳ
1807 1023 1959 1062 composita
1968 1035 2023 1053 vox
2034 1024 2080 1053 est.
2123 1024 2190 1053 Usus
2201 1023 2305 1062 clepsy-

1365 1066 1474 1094 drarum
1484 1067 1511 1094 in
1526 1066 1646 1102 judiciis,
1654 1065 1688 1094 ad
1697 1075 1820 1102 tempora
1829 1086 1837 1101 ‚
1846 1076 1902 1105 quae
1911 1066 2008 1095 caussas
2018 1065 2159 1102 orantibus
2168 1065 2203 1095 ad
2210 1065 2304 1109 dicen-

1362 1108 1429 1136 dum
1438 1108 1552 1136 concedi
1562 1113 1576 1136 a
1585 1106 1724 1146 Judicibus
1734 1107 1856 1136 solebant
1865 1128 1873 1141 ,
1882 1107 2102 1136 determinanda:
2112 1117 2169 1146 quae
2179 1117 2228 1144 pro
2235 1117 2304 1135 con-

1362 1150 1467 1178 ditione
1482 1150 1627 1178 caussarum
1636 1159 1708 1178 nunc
1717 1150 1852 1186 ampliora
1859 1148 1993 1178 dabantur
2001 1170 2010 1185 ,
2025 1160 2098 1178 nunc
2106 1148 2231 1178 breviora
2239 1169 2248 1183 ,
2262 1158 2303 1177 at-

1364 1201 1416 1229 que
1424 1191 1479 1220 haec
1487 1202 1601 1220 numero
1611 1191 1810 1230 clepsydrarum
1819 1191 1929 1220 definita
1943 1201 2023 1230 atque
2032 1191 2172 1229 descripta.
2213 1192 2303 1220 Multa
2339 1200 2343 1206 ¹

1363 1243 1454 1262 earum
1470 1235 1575 1262 mentio
1584 1235 1656 1272 apud
1667 1235 1776 1262 Gtaecos
1784 1233 1936 1271 scriptores.
1977 1235 2011 1262 Et
2025 1233 2064 1262 ibi
2074 1243 2184 1272 quoque
2193 1234 2303 1262 inventa

1363 1274 1400 1303 est
1406 1285 1466 1310 re53
1481 1275 1525 1304 sed
1540 1275 1650 1304 tandein
1662 1275 1790 1304 translata
1805 1278 1832 1304 dt
1841 1275 1875 1304 ad
1883 1277 2041 1304 Romanos:
2057 1275 2132 1314 quod
2141 1276 2222 1304 tertio
2234 1285 2303 1304 con-

1363 1316 1446 1345 sulatu
1455 1318 1578 1355 Pompeji
1594 1317 1703 1346 accidit.
1745 1317 1909 1354 AdApuleji
1917 1327 2042 1355 tempora
2052 1327 2116 1346 eum
2128 1327 2236 1346 morem
2252 1317 2303 1346 du-

1361 1358 1424 1387 rasse
1434 1358 1544 1396 ipsemet
1551 1360 1646 1388 audior
1655 1358 1691 1387 est
1699 1379 1707 1392 ,
1716 1369 1779 1387 cum
1789 1358 1872 1398 alibi,
1879 1368 1938 1388 tum
1945 1359 2086 1397 Apologia
2093 1369 2151 1388 non
2158 1368 2214 1387 uno
2223 1359 2250 1387 in
2260 1359 2304 1386 lo-
2323 1367 2329 1370 ·

1359 1409 1403 1429 co.
1425 1401 1526 1429 Plinius
1536 1402 1605 1429 inter
1613 1401 1739 1429 Civitatis
1748 1400 1814 1428 vitia
1823 1400 1905 1430 refert
1912 1421 1921 1435 ‚
1929 1411 2011 1440 quem
2019 1400 2068 1429 lib.
2079 1403 2102 1429 6.
2111 1400 2192 1438 Epist.
2201 1411 2214 1429 2
2231 1401 2303 1429 vide.

1358 1443 1392 1470 Et
1400 1442 1435 1470 est
1444 1441 1573 1480 quaerenti
1583 1443 1698 1480 propior
1705 1442 1813 1470 Auctor
1821 1443 1934 1482 Dialogi
1943 1444 1976 1471 de
1985 1442 2087 1472 Caussis
2096 1452 2227 1481 corruptae
2235 1443 2304 1472 Elo-

1355 1485 1482 1521 quentiae,
1491 1493 1554 1512 curn
1563 1489 1650 1521 cap.38
1673 1486 1833 1521 Pompeium
1842 1483 1933 1513 scribit
1940 1486 2022 1514 tertio
2031 1484 2172 1514 consulatu
2180 1485 2301 1522 primum

1357 1525 1522 1554 adstrinxisse
1531 1526 1640 1554 dicendi
1649 1535 1784 1563 tempora,
1792 1527 1819 1554 δι
1828 1527 1900 1555 velut
1907 1526 2000 1555 frenos
2008 1526 2159 1564 imposuisse
2168 1527 2302 1565 eloquen-

1356 1568 1415 1601 τῖες
1433 1577 1495 1596 cum
1502 1577 1563 1596 ante
1572 1568 1599 1595 id
1609 1577 1715 1604 tempus
1725 1577 1807 1595 nemo
1818 1568 1888 1596 intra
1897 1568 2067 1605 paucissimas
2077 1569 2156 1597 horas
2172 1578 2300 1606 perorare

1356 1618 1501 1646 cogeretur
1508 1629 1516 1643 ‚
1531 1608 1657 1637 &liberie
1672 1610 1978 1646 comperendinationes
1986 1610 2068 1639 essent
2075 1631 2083 1645 ,
2092 1614 2118 1639 δι
2126 1611 2242 1639 modum
2257 1610 2300 1638 di-

1355 1651 1436 1678 cendi
1445 1650 1493 1679 sibi
1502 1652 1614 1689 quisque
1623 1650 1746 1679 sumeret.
1786 1653 1852 1679 Non
1861 1661 1956 1680 omnes
1965 1653 2085 1688 ejusdem
2093 1653 2248 1690 capacitatis
2256 1652 2301 1681 fu-

1354 1692 1399 1720 isse
1408 1712 1417 1725 ,
1426 1702 1476 1721 nec
1484 1691 1587 1731 singula
1595 1692 1726 1721 horarum
1733 1691 1900 1731 lingularum
1908 1704 1990 1732 aquas
1999 1694 2094 1732 cepisse
2103 1715 2111 1729 ‚
2119 1705 2152 1723 ex
2161 1696 2243 1724 Plinii
2257 1695 2301 1724 lo-

1354 1745 1388 1762 co
1398 1734 1504 1763 videtur
1511 1734 1642 1763 constare.
1683 1736 1724 1763 Ita
1733 1735 1807 1763 enim
1817 1734 1890 1764 liba.
1903 1735 1988 1773 Epist.
1998 1746 2018 1764 ii
2039 1737 2157 1775 legimus
2166 1748 2173 1765 :
2181 1740 2247 1765 Dixi
2253 1737 2301 1764 ho-

1353 1779 1390 1804 ris
1400 1785 1465 1814 pene
1472 1779 1595 1816 quinque.
1638 1778 1712 1805 Nam
1718 1776 1804 1804 decem
1813 1777 1956 1816 clepsydris,
1962 1789 2025 1817 quae
2033 1777 2221 1817 spatiofiffimas
2227 1790 2300 1808 acce-

1349 1826 1440 1857 peram
1448 1839 1456 1852 ,
1466 1817 1532 1856 sicne
1538 1818 1635 1846 addite
1641 1827 1756 1857 quatuor
1763 1820 1815 1847 διε.
1837 1820 1914 1848 Dicit
1919 1818 2106 1859 spatiofiffi'rnas
2113 1831 2124 1853 ‚-
2133 1830 2199 1859 ergo
2208 1822 2300 1850 minus

1355 1859 1474 1897 spatiose
1482 1861 1540 1888 aliz
1551 1869 1643 1889 erant:
1660 1860 1731 1888 dixit
1747 1870 1785 1895 ¹4·
1795 1860 1946 1899 clepsydras
1954 1862 2082 1899 accepisse
2091 1862 2124 1890 ad
2139 1862 2297 1898 dicendum3

1355 1911 1388 1929 ac
1396 1901 1419 1930 se
1428 1901 1521 1930 dixisse
1537 1901 1606 1930 horis
1613 1910 1682 1941 pene
1689 1904 1803 1941 quinque
1810 1913 1820 1931 .·
1834 1904 1900 1941 ergo
1913 1904 2120 1941 quatuordecim
2130 1924 2138 1938 ‚
2147 1915 2212 1943 quas
2220 1915 2298 1934 acce-

1355 1952 1431 1981 perat
1437 1945 1539 1972 Plinius
1549 1964 1556 1978 ,
1565 1943 1709 1982 clepsydrae
1718 1964 1726 1978 ,
1735 1953 1777 1972 tot
1785 1944 1865 1972 horas
1876 1944 2068 1974 conficiebant.
2112 1948 2240 1975 Formam
2248 1947 2297 1974 cle-

1349 1984 1450 2023 psy'drae
1464 1987 1500 2014 ita
1509 1984 1775 2022 describitApulejus
1784 1985 1832 2014 lib.
1842 1986 1961 2022 3.Miles.
1989 1990 2122 2022 Preconic,
2130 1988 2297 2027 inquit,am-

1348 2027 1395 2066 plo
1410 2027 1489 2055 boatu
1497 2030 1588 2056 citatus
1594 2026 1728 2066 accusator
1741 2027 1850 2066 quidam
1859 2027 1951 2066 finiar
1958 2029 2072 2067 exsurgit
2080 2050 2089 2065 ,
2107 2029 2184 2060 &ad
2194 2030 2298 2058 dicendi

1348 2067 1466 2108 spatium
1480 2069 1580 2108 §aſs-ulo
1596 2069 1711 2109 quodam
1723 2072 1752 2097 in
1765 2071 1845 2097 fiii-em
1854 2070 1902 2098 coli
1913 2071 2044 2108 graciliter
2051 2070 2168 2112 fistulato
2182 2091 2192 2106 ‚
2206 2082 2239 2099 ac
2247 2080 2296 2110 per

1355 2111 1402 2138 hoc
1413 2115 1540 2149 guttatim
1548 2111 1634 2149 deflua
1641 2110 1731 2150 infusit
1745 2122 1816 2150 aqua
1824 2131 1833 2145 ‚
1845 2112 1971 2150 populum
1978 2112 2016 2152 fic
2023 2112 2114 2141 adorat
2123 2115 2176 2142 διε.
2218 2115 2296 2142 Con-

1357 2152 1422 2181 stitit
1437 2154 1519 2191 igitur
1528 2152 1660 2191 Clepsy‘dra
1669 2152 1775 2181 vasculo
1784 2163 1840 2181 uno
1852 2154 1980 2191 3quodin
1995 2155 2079 2183 alterii
2096 2164 2187 2192 parte,
2196 2156 2224 2183 in
2238 2155 2295 2184 coli

1356 2194 1472 2222 modum
1489 2194 1641 2233 angustiore
1657 2193 1792 2223 foramine
1800 2194 1945 2224 fistulatum
1954 2205 2010 2224 erat
2018 2216 2027 2231 ‚
2042 2196 2114 2225 unde
2122 2206 2191 2235 aqua
2206 2206 2297 2235 gutta-

1353 2237 1404 2264 tim
1413 2236 1552 2264 deflueret.
1579 2237 1612 2265 Id
1620 2246 1710 2265 autem
1720 2238 1755 2264 ita
1763 2246 1950 2274 comparatum
1959 2247 2015 2266 erat
2023 2258 2031 2273 ,
2039 2247 2070 2266 ut
2077 2239 2211 2276 aperiri&
2221 2240 2296 2267 clau-

1352 2278 1381 2305 di
1392 2278 1483 2315 posset.
1505 2280 1577 2306 Nam
1586 2289 1649 2306 cum
1657 2287 1702 2307 aut
1710 2277 1880 2307 infundenda
1887 2289 1957 2317 aqua
1964 2299 1974 2313 ,
1983 2289 2029 2308 aut
2039 2279 2190 2308 sustinenda
2199 2280 2241 2308 seu
2251 2282 2295 2308 in-

1351 2319 1471 2348 hibenda
1480 2320 1587 2354 esset,ne
1596 2320 1699 2354 flueret,
1710 2320 1800 2348 clauso
1809 2330 1878 2358 opus
1887 2331 1959 2356 erat;
1968 2331 2063 2359 aperto
2074 2332 2148 2357 vero,
2156 2331 2220 2350 cuin
2229 2323 2295 2351 mit·
2322 2356 2329 2361 Α

1351 2363 1442 2390 tenda.
1485 2364 1553 2390 Sane
1568 2372 1631 2390 cum
1639 2361 1794 2390 testimonia
1804 2362 1938 2391 audienda
1947 2363 2028 2392 essent
2036 2384 2044 2397 ,
2061 2362 2236 2392 inhibebatur
2252 2365 2295 2392 in-

1350 2405 1430 2431 terim
1438 2414 1519 2442 aqua,
1530 2414 1563 2432 ne
1573 2404 1666 2432 datum
1674 2403 1707 2432 ad
1721 2404 1868 2433 dicendum
1876 2413 1983 2442 tempus
1992 2406 2099 2442 periret.
2136 2406 2215 2434 Unde
2225 2406 2294 2434 illud

1349 2447 1460 2481 Apuleji
1475 2446 1616 2484 Apologiii
1626 2457 1631 2474 :
1646 2449 1710 2484 Lege
1722 2454 1810 2484 pauca
1823 2448 1852 2473 in
1863 2449 1992 2484 principio
1999 2467 2009 2480 ‚
2024 2447 2116 2474 deinde
2131 2449 2249 2486 quedam
2262 2448 2294 2476 de

1345 2487 1465 2525 pifiibue.
1507 2490 1543 2515 At
1560 2496 1590 2515 tu
1598 2490 1716 2520 interim,
1726 2487 1789 2514 dum
1797 2488 1859 2526 legit
1866 2499 1982 2526 ,aquam
1988 2488 2095 2528 sustine.
2118 2491 2201 2518 Erant
2209 2490 2293 2518 nimi·
2335 2497 2337 2499 '

1349 2539 1409 2557 rum
1425 2530 1491 2557 certi
1500 2529 1626 2557 homines
1635 2528 1919 2568 praepositiclepsydris
1929 2550 1937 2564 ,
1946 2531 1992 2567 qui
2003 2541 2126 2558 curarent
2134 2541 2177 2558 eas
2186 2550 2196 2565 ,
2212 2541 2292 2570 atque

1349 2571 1391 2598 vel
1401 2570 1517 2599 sinerent
1525 2571 1607 2599 fluere
1616 2581 1713 2609 aquam
1722 2591 1729 2605 ‚
1739 2571 1781 2598 vel
1793 2571 1958 2599 inhiberent.
1995 2572 2093 2601 Talem
2102 2573 2185 2611 igitui-
2199 2573 2243 2602 hic
2253 2574 2292 2601 al·

1347 2612 1471 2650 loquitur
1478 2613 1609 2650 Apuleius
1619 2633 1626 2647 ,
1636 2615 1662 2641 δι
1677 2611 1761 2641 sistere
1771 2614 1882 2641 interim
1891 2623 1990 2650 aquam
2006 2613 2090 2649 jubet.
2131 2617 2165 2643 Et
2173 2625 2235 2643 cum
2244 2614 2290 2644 sub

1345 2653 1428 2682 finem
1437 2654 1501 2682 libri
1510 2654 1595 2682 rursus
1605 2655 1656 2682 ait:
1664 2657 1700 2682 At
1715 2662 1744 2682 tu
1751 2654 1838 2682 licebit
1853 2666 1952 2694 aquam
1961 2655 2031 2694 finas
2040 2656 2133 2694 fluere.
2169 2659 2292 2696 Namque

1345 2699 1438 2733 optimi
1452 2698 1503 2723 Siri
1516 2696 1606 2724 literae
1614 2704 1654 2723 ter
1663 2695 1695 2727 ὅ
1702 2704 1796 2735 quater
1802 2696 1866 2724 adeo
1875 2699 2012 2736 quaneofiis
2026 2701 2148 2736 temporis
2161 2697 2291 2737 dispendio

1344 2737 1496 2766 lemnum.
1539 2738 1680 2766 Decedere
1691 2738 1765 2766 enim
1774 2738 1822 2766 suo
1831 2748 1910 2777 atque
1920 2740 2062 2767 communi
2073 2740 2225 2768 dicentium
2234 2750 2291 2776 ,ure
2330 2745 2333 2747 ’

1344 2778 1368 2807 se
1377 2780 1471 2807 auctor
1479 2778 1611 2817 signis-icat
1618 2799 1626 2814 ‚
1634 2781 1660 2808 δι
1670 2780 1746 2807 nolle
1755 2779 1874 2808 sustineri
1884 2791 1980 2818 aquam
1989 2802 1997 2816 ‚
2007 2781 2071 2810 dum
2080 2782 2204 2819 Epistola:
2212 2782 2291 2811 Aviti

1344 2820 1483 2858 leguntur.
1524 2821 1611 2849 Satius
1619 2822 1693 2849 enim
1705 2821 1753 2849 esl'e
1762 2831 1860 2859 aquam
1873 2822 1954 2851 fluere
1963 2842 1973 2857 ‚
1988 2826 2014 2851 ὃ(
2024 2822 2072 2852 sibi
2081 2824 2148 2861 quid
2156 2825 2289 2861 temporis

1343 2863 1454 2891 interim
1463 2863 1548 2899 eripi,
1557 2863 1640 2900 quam
1649 2864 1708 2891 illas
1717 2865 1816 2891 iterum
1825 2874 1882 2892 non
1899 2873 1979 2903 atque
1989 2866 2086 2893 iterum
2097 2866 2221 2895 leciitari.
2248 2868 2289 2894 Ex

1342 2904 1425 2932 altera
1440 2914 1514 2941 parte
1530 2903 1577 2932 ubi
1587 2903 1769 2942 recipiebatur
1784 2906 1920 2943 aqua‚vel
1930 2907 2063 2943 ampliore
2074 2918 2122 2936 ore
2131 2907 2287 2946 patuit‚vel
2334 2915 2338 2926 ¹

1341 2945 1466 2983 pluribus
1475 2945 1656 2974 foraminibus
1665 2956 1757 2983 aperta
1764 2947 1901 2986 clepsydra
1910 2947 1976 2977 fuit:
1986 2949 2061 2987 quod
2071 2949 2228 2978 erudissimo
2237 2952 2287 2978 Pe-

1339 2988 1414 3015 tavio
1424 2987 1576 3016 videbatur.
1600 2988 1660 3028 Q
1670 2998 1729 3016 eam
1739 2987 1776 3017 ob
1787 2990 1901 3019 caussam
1909 2991 2074 3019 vocabulum
2084 2991 2226 3030 Clepsydrae
2235 3012 2243 3026 ‚
2252 2991 2286 3020 ad
2317 3007 2320 3010 ⁴

1339 3039 1370 3058 ea
1379 3030 1460 3058 etiam
1468 3029 1527 3058 vasa
1542 3028 1687 3058 arbitratur
1694 3031 1855 3060 translatum
1866 3053 1873 3067 ‚
1882 3031 1980 3070 quibus
1988 3033 2022 3060 ad
2031 3034 2212 3071 perpluendas
2221 3035 2286 3063 hot·
2316 3027 2321 3030 ¹

1338 3079 1431 3099 torum
1440 3072 1543 3100 areolas
1554 3073 1664 3100 utimur.
1691 3073 1821 3113 Qrum
1830 3083 1903 3112 aeque
1914 3075 1941 3102 in
1949 3074 2055 3103 orificio
2065 3085 2152 3104 unum
2160 3076 2287 3106 foramen

1339 3113 1376 3141 est
1385 3134 1392 3146 ‚
1401 3115 1429 3141 in
1439 3113 1526 3142 fundo
1534 3113 1656 3150 pluribus
1665 3123 1733 3152 aqua
1749 3114 1856 3144 diffluit.
1898 3115 1970 3144 Vide
1979 3116 2066 3154 ipsum
2073 3119 2156 3146 Notis
2165 3118 2192 3145 in
2203 3121 2287 3157 Syne-

1337 3154 1368 3183 sii
1378 3157 1501 3183 Dionem
1510 3165 1537 3193 p.
1545 3165 1578 3183 zi.
1606 3157 1697 3184 Patere
1705 3156 1768 3184 hinc
1778 3156 1865 3194 potest
1874 3167 1968 3186 eorum
1978 3168 2053 3187 error
2061 3179 2070 3194 ,
2079 3161 2126 3197 qui
2134 3160 2285 3198 clepsydras
2322 3190 2326 3192 ,

1339 3197 1398 3225 istas
1408 3207 1529 3225 veterum
1538 3218 1546 3232 ,
1561 3196 1661 3226 similes
1677 3199 1804 3227 arenariis
1819 3198 1916 3228 nostris
1933 3200 2008 3228 vitris
2017 3222 2024 3235 ‚
2040 3200 2138 3239 quibus
2153 3203 2284 3238 partimur

1338 3239 1417 3269 horas
1427 3261 1434 3275 ,
1443 3242 1587 3276 putarunt:
1609 3240 1675 3268 item
1685 3249 1804 3278 quicum
1813 3240 1978 3280 horologiis,
1987 3251 2043 3279 qua:
2053 3253 2085 3270 ex
2094 3245 2162 3280 aqua
2172 3253 2283 3281 compa-

1337 3292 1393 3312 rata
1403 3293 1488 3316 erant,
1499 3291 1556 3319 quat
1565 3280 1698 3310 Ctesibius
1707 3282 1909 3311 Alexandrinus
1918 3284 2033 3316 invenit.
2042 3286 2069 3313 δι
2078 3285 2180 3322 primus
2189 3288 2282 3315 Romae

1338 3325 1428 3361 Scipio
1437 3323 1533 3353 Nasica
1543 3323 1658 3351 instituit
1665 3343 1675 3356 ‚
1684 3323 1876 3353 confuderunt.
1907 3326 2022 3365 Qippe
2032 3336 2150 3364 quorum
2159 3326 2281 3356 diversis-

1338 3364 1402 3394 sima
1411 3368 1480 3395 ratio
1490 3365 1551 3393 fuit.
1593 3366 1664 3393 Vide
1676 3364 1745 3393 infra
1753 3366 1781 3394 in
1789 3366 1967 3405 Horologium.

1294 3413 1338 3435 CL
1349 3404 1367 3435 ’ἐ
1378 3415 1396 3436 R
1406 3416 1423 3435 v
1434 3415 1447 3436 s
1456 3430 1463 3443 ‚
1479 3409 1589 3447 κῆεν,
1598 3407 1761 3435 vermiculus
1774 3418 1872 3436 araneo
1881 3408 1976 3438 similis
1985 3429 1993 3444 ‚
2010 3410 2056 3447 qui
2072 3410 2141 3447 parit
2157 3409 2183 3437 in
2197 3419 2280 3447 apum

1332 3451 1414 3478 alveis
1425 3471 1432 3484 ,
1442 3459 1524 3479 nocet
1533 3450 1600 3478 favis
1611 3469 1618 3483 ,
1629 3451 1654 3478 &
1664 3448 1729 3476 facit
1739 3458 1768 3477 ut
1777 3460 1889 3479 examen
1897 3461 2017 3489 aegrotet.
2027 3451 2096 3479 Plin.
2106 3450 2154 3479 lib.
2164 3461 2195 3479 ii.
2210 3461 2233 3480 c.
2242 3461 2278 3487 ¹9·

1332 3492 1356 3530 Ἥ
1366 3493 1439 3520 z.Sed
1450 3492 1536 3519 clerus
1547 3502 1595 3528 pro
1606 3491 1727 3528 collegio
1737 3490 1915 3524 sacerdotum.
1927 3492 1979 3520 sive
1987 3492 2175 3521 ministrorum
2185 3493 2279 3521 Eccle-

1332 3532 1372 3560 slae
1382 3555 1388 3566 ,
1399 3537 1439 3563 bie
1449 3533 1618 3572 OEctsllsgfelt
1633 3536 1694 3564 obet
1705 3531 1838 3570 Gserlstn.
1881 3533 2055 3563 Ecclesiastici
2067 3533 2099 3562 sic
2107 3544 2279 3562 tantummo-

1331 3575 1367 3602 do
1378 3576 1436 3604 usus
1446 3576 1491 3603 est.
1534 3576 1719 3604 Tertullianus
1731 3574 1763 3601 de
1772 3578 1936 3614 Monogam.
1945 3586 2031 3612 cap.12
2045 3576 2076 3606 de
2084 3587 2136 3615 quo
2145 3578 2158 3614 [
2168 3576 2277 3614 ordine]

1328 3616 1428 3644 alleftio
1442 3617 1490 3653 fiat
1498 3621 1526 3645 in
1535 3618 1630 3645 clerum
1639 3636 1647 3649 ‚
1658 3617 1674 3644 i.
1685 3626 1708 3643 e.
1723 3616 1752 3643 in
1762 3617 1940 3646 sacerdotium
1949 3618 2102 3654 cooptatio.

1327 3658 1351 3696 ἹῙ
1361 3661 1393 3686 Et
1403 3659 1514 3686 clericus
1522 3668 1632 3696 quoque
1641 3668 1690 3694 pto
1699 3659 1835 3686 Sacerdote
1844 3660 1980 3686 novitium
1990 3658 2156 3687 vocabulum
2167 3659 2209 3688 est.
2224 3661 2275 3688 Ra-

1327 3700 1432 3727 tionem
1443 3701 1568 3728 vocabuli
1578 3701 1664 3735 aperit
1675 3701 1862 3738 Hieronymus
1872 3704 1899 3728 in
1919 3700 2000 3737 Epist.
2010 3711 2031 3728 z.
2050 3701 2083 3728 ad
2093 3696 2275 3737 NepOtianum

1326 3740 1362 3769 fic
1373 3740 1503 3769 scribens:
1519 3744 1602 3779 Igitur
1613 3741 1722 3768 Clericus
1731 3760 1739 3772 ,
1748 3745 1794 3780 qui
1804 3741 1897 3781 christi
1910 3742 1989 3777 [ἒνθίι
1997 3741 2118 3780 Ecclefiae,
2126 3745 2274 3780 interpren-

1325 3790 1370 3820 (ην
1381 3782 1467 3819 primo
1484 3782 1635 3810 §nabulum
1643 3781 1722 3819 ficum
1733 3786 1784 3810 ὄις.
1826 3786 1853 3810 Si
1863 3786 1942 3810 enim·
1953 3786 2048 3816 gaiae<
2061 3783 2216 3822 Graece,Jors
2223 3786 2274 3815 La-

2214 3832 2270 3853 Im
2291 3831 2293 3841 ¹
